2618 5092
284 639 610 694 mansuarrcar
630 607 875 693 nonrrrrnn.
1069 625 1111 693 ll

59 831 256 909 processus
289 832 425 884 eorum
453 831 597 905 semper
631 808 777 899 desinit,
802 821 846 882 ut
873 809 1118 906 pronuntient
1153 833 1305 878 oratoru·

61 922 268 1022 problema,
286 923 398 1019 cujus
423 921 733 995 constructionem
751 934 921 1019 quaerunt
946 946 1117 1020 peream
1158 896 1303 1020 „L

64 1036 315 1133 geometriam
333 1058 419 1132 quae
436 1059 534 1108 nunc
552 1046 666 1125 extat,
683 1059 763 1110 esse
780 1036 986 1126 insolubile,
1005 1050 1118 1133 atque

65 1150 157 1224 adeo
174 1173 274 1247 opus
290 1172 375 1223 esse
399 1147 449 1222 ad
473 1149 787 1223 constructionem
804 1151 882 1245 ejus
900 1150 1118 1247 quibusdam

67 1264 149 1338 aliis
165 1263 290 1354 lineis,
305 1286 392 1360 quae
409 1261 510 1335 nulla
526 1275 606 1336 arte
623 1273 795 1335 accurate
812 1261 899 1335 duci
914 1275 1080 1359 possunt.

117 1375 165 1450 A.
192 1377 382 1473 Legamus
399 1398 487 1471 ergo
513 1374 877 1449 ulterius-Partim
893 1376 1005 1449 etiam
1022 1376 1125 1474 qnod

71 1494 331 1568 arithmetices
341 1492 616 1590 pomeriatam
628 1492 765 1565 stricta
773 1493 958 1589 fecerint,
972 1493 1122 1566 ataenis

72 1607 248 1697 numeris,
266 1605 513 1680 rationalibus
534 1605 682 1679 scilicet
710 1614 748 1678 et
772 1605 920 1703 quidem
948 1605 1122 1705 integris,

72 1729 327 1795 coerceantur.

121 1834 173 1907 B.
201 1831 395 1907 Praevideo
412 1833 474 1907 hic
491 1831 583 1928 quid
598 1831 888 1928 reprehensurus
906 1856 957 1906 es.

123 1946 175 2020 A.
204 1944 336 2020 Quid?

124 2060 176 2132 B.
203 2056 316 2133 Quod
335 2056 605 2131 arithmeticam
623 2058 761 2131 versari
780 2071 888 2155 putet
909 2059 1008 2132 circa
1024 2057 1126 2130 aliud

74 2184 210 2269 prater
222 2193 411 2244 numeros.
463 2171 561 2243 Nam
575 2171 639 2267 qni
651 2194 826 2245 numerus
841 2195 949 2245 verus
961 2195 1037 2244 non
1056 2182 1124 2260 est,

76 2285 228 2359 omnino
245 2306 323 2358 non
342 2296 401 2356 est
417 2308 603 2358 numerus.

122 2395 173 2473 A.
200 2399 332 2472 Recte.
385 2398 458 2471 Sed
485 2412 524 2471 11
552 2398 642 2472 illud
666 2422 813 2494 quoquc
838 2397 1126 2494 reprehensurus

77 2536 189 2601 eram,
207 2510 311 2606 quod
340 2510 500 2606 explicet
523 2512 587 2607 qui
616 2512 691 2584 sint
706 2536 794 2585 vere
815 2511 960 2585 numeri
977 2536 1043 2609 per
1060 2534 1126 2584 ra-

79 2624 239 2700 tionales
273 2633 313 2697 et
342 2624 489 2721 quidem
516 2625 698 2723 integros.
750 2627 846 2699 Nam
874 2649 1048 2701 numerus
1078 2625 1128 2698 ad

77 2761 274 2812 numerum
308 2736 533 2811 irrationalis
568 2760 648 2811 esse
682 2762 759 2811 non
787 2751 921 2835 potest,
952 2739 1128 2836 quoniam

80 2875 206 2926 omnes
231 2850 389 2924 metitur
416 2851 554 2924 unitas.
607 2852 729 2926 Quem
746 2876 835 2949 ergo
853 2853 915 2926 ille
931 2876 1128 2927 numerum

81 2989 147 3037 non
166 2988 306 3052 cmm,
336 2973 375 3035 11
401 2962 463 3035 alii
490 2963 642 3036 sardam
668 2964 808 3054 dicunt,
827 2965 1014 3062 quantitas
1040 2989 1128 3038 con-

82 3078 183 3152 tinua
199 3088 272 3167 est,
291 3086 330 3149 et
346 3077 522 3173 pertinet,
540 3101 616 3150 non
632 3078 681 3151 ad
696 3078 979 3168 arithmeticam,
998 3078 1064 3151 sed
1081 3078 1130 3151 ad

83 3190 336 3286 geometriam.
389 3189 571 3263 Praeterea
596 3214 672 3264 non
698 3204 798 3264 recte
815 3192 951 3264 aseris
968 3191 1131 3264 numeris

84 3303 280 3399 distinguit
295 3302 507 3377 fractiones.
560 3303 781 3400 Quanquam
794 3305 893 3378 enim
910 3305 1055 3378 soleant
1068 3328 1131 3401 ap

84 3416 211 3512 peilari
225 3415 375 3491 numeri
390 3416 511 3507 fracti,
522 3440 597 3489 non
612 3430 736 3491 tamen
749 3441 925 3491 numerus
935 3418 1131 3515 frangitur,

86 3529 149 3604 sed
174 3553 236 3603 res
264 3529 303 3601 in
331 3552 454 3602 rerum
482 3553 688 3605 nnmerum.
741 3531 871 3628 Itaque
900 3532 982 3605 duae
1011 3531 1132 3606 nnciae

87 3665 159 3716 non
186 3641 311 3715 minus
341 3664 517 3715 numerus
537 3666 646 3717 verus
676 3656 745 3733 est,
774 3669 882 3741 quam
915 3645 989 3719 duo
1019 3669 1132 3720 asses.

89 3753 331 3828 Desideratnr
356 3778 445 3850 ergo
472 3754 532 3828 hic
550 3770 678 3851 expertos
702 3756 776 3846 illa,
796 3781 879 3854 quae
905 3770 981 3832 tam
1006 3783 1134 3834 ncces-

89 3869 182 3942 saria
221 3880 280 3942 est
312 3879 527 3964 geometrae,
567 3893 677 3964 quam
711 3869 917 3968 intelligere
957 3886 995 3946 11
1031 3872 1134 3970 loqui

89 3982 217 4055 latine
235 3980 461 4055 academico.
514 3981 587 4055 Sed
604 4005 783 4078 pergo-
791 3983 840 4056 Ut
857 4007 995 4083 reapse
1011 3997 1135 4060 orten-

91 4096 173 4168 dam
189 4095 305 4167 etiam
312 4094 540 4192 geometrica
546 4093 797 4193 problemata,
808 4108 989 4195 qnatenus
1002 4098 1135 4172 saltem

91 4233 114 4280 1
139 4207 329 4306 positione
355 4209 433 4281 sive
458 4209 572 4282 locali
593 4209 670 4281 sita
691 4208 926 4301 abstrahant,
944 4237 970 4285 a
986 4212 1136 4310 princi-

88 4322 165 4417 piis
182 4320 436 4395 arithmeticis
448 4320 509 4395 oet
523 4321 681 4394 manime
695 4322 926 4420 dependere:
940 4335 977 4397 et
991 4323 1136 4421 quidem

95 4459 134 4506 eo
150 4460 266 4533 usqae
282 4433 425 4524 abesse,
445 4445 485 4508 nt
498 4436 553 4508 ad
561 4433 800 4532 problemata
813 4438 892 4510 sive
909 4437 1136 4511 theoremata

95 4571 184 4644 pare
209 4548 450 4623 arithmetica
474 4548 767 4640 statuminando,
786 4551 910 4648 (qaod
929 4560 1050 4625 tamen
1068 4577 1137 4625 nan
