2618 5092
52 855 122 899 cst.
133 856 188 898 111.

56 926 201 958 »ηρ-α

59 982 181 1028 Delisdern

58 1048 189 1093 udonibus.
241 1055 251 1071 ⁶

240 648 313 717 418
381 664 436 717 DE
455 664 685 719 Pnlncu’us
705 666 756 721 8¹1¹
774 664 1152 721 stulocmmonttt

239 829 454 927 busounque
487 831 649 907 numeris
682 832 837 907 eandem
875 832 1105 907 habentibus
1138 856 1275 933 propor-

240 942 402 1029 tionem;
428 945 560 1019 deinde
577 944 675 1019 idem
691 944 945 1021 demonstrare
959 946 1164 1021 convenire
1176 946 1275 1021 etinn

240 1080 279 1129 ru
296 1059 694 1133 commensurabilibus.
746 1060 832 1134 Hoo
848 1071 976 1134 tumen
992 1084 1180 1157 nusquam
1194 1084 1274 1157 pue

240 1170 369 1244 stitum
389 1184 457 1245 est.
508 1172 638 1269 Itaque
667 1171 766 1247 idem
794 1182 852 1247 est
876 1196 923 1247 ae
948 1172 983 1247 si
1009 1172 1178 1263 dixisset,
1201 1172 1273 1247 ideo

239 1282 343 1357 illum
353 1285 643 1381 proportionalia
652 1285 706 1360 sie
716 1284 915 1376 definiisse,
927 1285 1020 1382 quia
1030 1286 1274 1361 definitionem

239 1396 429 1471 meliorem
446 1398 610 1472 nondum
626 1411 775 1497 poterat
790 1400 966 1496 reperire.

289 1511 531 1606 Exponautur
572 1524 730 1609 quatuor
779 1512 924 1585 numeri
974 1511 1272 1610 proportionales,

240 1630 322 1697 824
343 1632 490 1699 2:623.
540 1624 654 1699 Vides
677 1625 739 1699 hio
764 1624 855 1698 duas
878 1624 1085 1699 relationes
1106 1625 1273 1701 totiusod

239 1736 452 1811 dimidium:
487 1751 575 1812 sunt
607 1738 706 1812 euim
741 1750 861 1812 totum
890 1748 930 1812 et
959 1738 1160 1813 dimidium
1192 1738 1272 1813 rele

238 1850 327 1939 tiva,
344 1862 384 1923 et
402 1850 534 1924 relatio
556 1852 670 1926 totius
687 1858 711 1925 8
728 1850 776 1925 ad
802 1848 998 1925 dimidium
1025 1874 1139 1925 sunm
1164 1862 1201 1941 4,
1221 1874 1272 1925 es·

239 1963 323 2037 dem
350 1964 482 2037 relatio
510 1988 593 2061 quoe
622 1963 735 2038 totius
761 1971 785 2036 6
815 1962 864 2036 ad
892 1986 1001 2037 suum
1031 1964 1270 2039 dimidiumt.

239 2076 343 2151 Idem
377 2077 452 2151 diei
478 2078 590 2151 etiam
618 2086 742 2175 potest
770 2075 818 2150 de
850 2076 984 2167 tertiis,
1014 2078 1173 2175 quartis,
1198 2092 1269 2169 ete7

237 2213 342 2287 aeque
364 2214 408 2264 ao
437 2190 484 2264 de
508 2190 680 2266 dimidiis.
742 2191 849 2265 Putet
875 2212 967 2287 ergo
993 2192 1183 2266 rationem
1204 2214 1269 2266 esse

237 2303 477 2377 relationem:
504 2316 542 2379 et
567 2305 748 2378 rationem
775 2303 931 2378 eandem
955 2286 1038 2378 es'se
1066 2306 1268 2380 relationem

238 2416 404 2490 eandem.
432 2418 480 2489 Et
489 2430 687 2515 propterea
699 2416 979 2512 proportionem
992 2418 1033 2489 in
1045 2419 1209 2492 numeris
1217 2440 1269 2515 per

232 2540 369 2626 partes
386 2531 533 2603 eosdem
549 2543 652 2604 reete
671 2529 837 2604 definivit
853 2529 1039 2604 Euclides.
1093 2533 1169 2606 Sed
1185 2533 1268 2606 inve

238 2643 317 2716 nire
335 2644 461 2717 debuit
478 2643 617 2740 aliquid
633 2643 733 2741 quod
750 2643 953 2716 rationibus
970 2644 1086 2718 etiam
1105 2648 1267 2743 magnitu-

238 2755 364 2829 dinum
381 2757 806 2832 incommensurabilium
819 2759 1046 2833 conveniret.
1075 2760 1268 2834 Curanten

238 2893 313 2942 non
340 2870 455 2944 fecit?
512 2873 570 2943 An
605 2871 827 2968 impossibile
859 2869 967 2944 erat?
1030 2873 1182 2961 Nescio,
1210 2872 1267 2946 uisi

238 2985 337 3081 quod
362 2986 410 3058 sit
431 2986 589 3058 difficile.
641 2986 734 3060 Duae
762 2985 869 3058 lineae
890 2985 1001 3059 simul
1028 2999 1143 3083 atque
1164 2987 1268 3061 ducta

237 3110 335 3186 sunt,
352 3099 490 3172 habent
507 3100 604 3172 inter
622 3099 856 3173 serationem
871 3120 1269 3197 suam,quaeeunqueea

236 3212 295 3285 sit.
338 3214 384 3286 Et
402 3238 484 3309 quae
502 3237 612 3287 causo
630 3214 792 3286 efficiens
809 3223 887 3285 erat
906 3212 1073 3309 ipsorum
1092 3215 1267 3298 linearum,

237 3327 364 3400 eadem
383 3339 464 3399 erat
487 3340 525 3399 et
542 3350 653 3399 eausa
669 3328 748 3421 ejus
766 3349 875 3423 quam
892 3326 1033 3400 habent
1056 3328 1156 3401 inter
1172 3350 1210 3399 se
1224 3348 1267 3397 rs-

237 3440 359 3513 tionis.
387 3440 505 3514 Causa
515 3441 677 3538 ipsarum
687 3440 866 3513 linearum
877 3440 1040 3513 efficiens
1054 3452 1137 3514 erat
1146 3438 1268 3519 ductio,

237 3552 360 3641 idest,
377 3567 521 3627 motus:
551 3578 664 3651 quare
689 3555 799 3626 etiam
818 3577 929 3627 causo
949 3554 1114 3628 efficiens
1132 3550 1268 3627 rationis

238 3689 347 3760 quam
370 3665 482 3738 habet
507 3691 633 3740 earum
657 3666 773 3739 altera
791 3667 838 3739 od
864 3667 1033 3755 alteram,
1054 3681 1137 3741 erat
1163 3676 1270 3739 motus

237 3778 298 3851 ille
315 3778 424 3867 idem,
436 3803 482 3851 ex
494 3803 567 3874 quo
581 3790 685 3852 motu
698 3780 805 3853 liueae
822 3780 910 3876 ipsae
924 3793 1019 3853 ortae
1033 3794 1135 3855 sunt.
1161 3780 1267 3853 Etiam

236 3891 331 3965 ratio
349 3891 411 3964 illa
433 3892 562 3964 endem
587 3902 667 3965 erat
691 3892 730 3966 in
748 3892 908 3965 motibus
931 3893 1033 3988 ipsis
1052 3895 1188 3990 quibus
1208 3892 1269 3965 ille

234 4005 341 4079 lineae
358 4015 464 4077 erant
478 4005 683 4102 descripta.
718 4005 930 4079 Quaerenda
942 4029 1034 4102 ergo
1052 4017 1109 4080 est
1127 4004 1269 4079 rationis

235 4119 391 4193 duarum
408 4119 588 4192 linearum
603 4118 837 4215 inaequalium
855 4119 1049 4207 identitas,
1068 4121 1148 4193 sive
1165 4142 1270 4216 oeqso·

237 4232 339 4322 litos,
351 4232 426 4305 sive
439 4230 645 4303 similitudo
663 4233 761 4326 (quae
772 4232 844 4304 tria
856 4232 1009 4306 nomina
1021 4233 1061 4306 in
1076 4232 1270 4307 rationibus

235 4346 332 4419 idem
351 4344 572 4441 significant)
588 4345 625 4416 in
644 4357 811 4418 motuum
829 4345 1068 4441 inaeqnulium
1088 4345 1208 4443 aliqua
1228 4342 1270 4415 si·

235 4459 452 4547 militudine‚
469 4458 505 4530 id
523 4471 591 4545 est,
609 4459 647 4530 in
666 4458 904 4553 responsione
928 4460 1048 4554 partis
1068 4459 1119 4533 ad
1138 4470 1276 4558 pattena

234 4573 291 4644 vel
309 4574 490 4671 portionis
507 4573 554 4646 ad
572 4573 798 4669 portionem:
817 4573 892 4646 sive
910 4573 984 4647 illae
1002 4587 1132 4671 portes
1144 4574 1277 4671 aliquo·
