2618 5092
211 686 286 753 250
525 696 581 749 Μ
596 694 767 749 Narona
783 693 922 748 ansts.

211 864 379 939 fecerunt
395 887 462 961 per
478 862 706 961 suppositam
733 862 955 959 gravitatem
983 859 1227 958 atmosphcru,

212 990 314 1051 tuam
332 1002 401 1074 ego
419 1001 544 1051 veram
558 1000 637 1050 esse
653 974 883 1051 existimabo.
919 972 995 1049 Sed
1007 972 1144 1049 habent
1157 996 1229 1071 quo-

212 1116 285 1190 que
303 1091 533 1188 hypothesim
549 1088 671 1179 aliam,
687 1112 762 1187 qua
775 1088 1021 1186 phaenomeua
1036 1084 1162 1161 eadem
1174 1086 1231 1161 rel-

212 1205 291 1279 vari
307 1227 417 1301 posse
451 1214 596 1300 putant,
613 1200 879 1275 Cartesiauam.
928 1200 1060 1275 Visum
1085 1198 1231 1275 corteto

212 1330 269 1393 est
285 1341 407 1391 aerem
425 1316 516 1389 nihil
533 1314 634 1389 aliud
663 1338 745 1389 esse
771 1325 907 1411 praeter
932 1311 1144 1411 congeriem
1169 1336 1233 1389 cor·

213 1431 450 1527 pnsculorum
462 1428 716 1526 magnitudine
729 1427 1021 1524 etfigurarariis
1032 1426 1234 1501 flexibilibus

212 1543 465 1641 praeditorum,
478 1542 648 1633 acalore,
677 1541 882 1639 praesertim
908 1541 1009 1630 solis,
1037 1550 1182 1616 eterra
1205 1552 1236 1613 et

212 1656 557 1753 aquuelevatorum‚
574 1667 613 1729 et
630 1655 669 1728 in
699 1653 855 1728 materia
883 1654 1047 1729 aetherea
1072 1654 1146 1745 illa,
1167 1678 1237 1753 qua

212 1771 380 1844 tellurem
406 1769 643 1867 undiquaque
665 1767 900 1858 circumfluit,
931 1767 1165 1843 natantium:
1187 1768 1239 1843 illa

212 1896 338 1958 autem
364 1883 582 1981 corpuscula
615 1884 661 1956 ab
691 1881 921 1956 indesinente
954 1895 1062 1957 motu
1092 1881 1239 1956 materia

212 1997 309 2071 illius
325 1997 495 2070 aethcreae
511 1995 565 2069 ita
576 1995 717 2069 moveri
733 2007 773 2070 et
789 1995 828 2068 in
844 2018 978 2093 gyrum
999 1996 1110 2086 verti,
1125 2006 1169 2070 ut
1187 2018 1240 2071 cr·

212 2122 318 2184 tensa
335 2121 374 2184 et
390 2109 619 2183 circulariter
635 2120 747 2197 mota,
761 2119 897 2183 cetera
913 2110 1040 2183 omnia
1052 2133 1076 2182 a
1087 2108 1241 2207 serepcl·

213 2222 313 2297 lant:
340 2222 468 2296 eadem
485 2235 608 2296 autem
626 2232 767 2294 motum
784 2221 888 2295 illum
914 2222 1121 2320 gyrationis
1145 2222 1242 2319 frige-

212 2335 312 2409 facta
329 2336 511 2425 amittere,
531 2347 568 2409 et
578 2334 684 2408 reddi
700 2335 866 2409 flaccida.

270 2449 319 2522 Α.
347 2450 500 2522 Memini
530 2448 680 2546 quidem
698 2449 903 2522 Cartesium
936 2449 1010 2521 hoc
1041 2448 1177 2522 dixisse
1207 2448 1243 2521 dc

214 2577 346 2636 natura
375 2587 493 2659 aquae,
523 2566 626 2659 cujus
657 2576 780 2659 partes
810 2562 981 2660 anguillis
1016 2563 1243 2659 comparavit

215 2677 288 2749 Sed
306 2687 475 2749 naturam
498 2676 603 2764 acriS,
622 2677 653 2749 si
682 2677 776 2749 bene
803 2676 964 2763 memini,
992 2676 1151 2750 similem
1180 2697 1245 2749 esse

215 2788 304 2862 dicit
316 2790 485 2885 virgultis
500 2791 684 2865 arborum.
737 2789 810 2863 Sed
829 2789 991 2885 quisquis
1010 2789 1097 2862 talis
1125 2813 1246 2885 suppo

214 2903 356 2976 sitionis
370 2902 502 2975 author
519 2903 601 2990 fuit,
613 2928 743 2999 parum
761 2903 885 2976 refert.
938 2901 1037 2974 Nam
1050 2902 1134 2999 ipsa
1145 2904 1247 2999 hypo

214 3016 339 3106 thesis,
366 3016 502 3111 inqua
531 3029 652 3088 motus
679 3016 898 3112 supponitur
921 3016 1087 3089 materiae
1116 3016 1247 3090 subtilis

216 3129 294 3201 sine
311 3129 693 3218 causavclocissimuS,
708 3141 745 3203 et
757 3143 937 3226 praeterea
953 3131 1247 3225 corpusculorum

215 3243 496 3316 innumerabiles
514 3243 713 3339 vertigines
731 3242 884 3317 diversae
902 3243 947 3315 ab
967 3242 1065 3316 illius
1095 3245 1248 3318 materia

213 3357 324 3430 unico
342 3369 446 3430 motu
468 3369 665 3453 generatae‚
689 3357 750 3431 vix
775 3357 854 3431 sani
880 3357 1041 3430 hominis
1065 3369 1134 3431 est.
1187 3354 1248 3431 Sed

215 3468 406 3542 redeamus
423 3469 471 3543 ad
489 3470 721 3566 hypothesim
732 3471 904 3567 priorem,
922 3471 986 3543 ubi
1004 3472 1083 3544 aeri
1100 3470 1249 3546 tribuitis

215 3583 446 3676 gravitatem.
514 3584 648 3669 Primo,
677 3585 933 3680 explicandum
968 3598 1066 3658 esset
1097 3585 1187 3682 quid
1211 3584 1250 3657 sit

213 3696 399 3791 gravitas.
451 3696 560 3771 Quod
574 3699 735 3793 gravitas
750 3712 807 3771 est
824 3708 977 3770 conatus
995 3699 1041 3771 ab
1060 3700 1162 3771 omni
1178 3698 1250 3771 loco

215 3807 264 3881 ad
281 3822 449 3883 centrum
462 3820 584 3901 terrae,
603 3813 725 3885 sciunt
752 3835 890 3885 omncs.
944 3811 1111 3885 Conatus
1138 3824 1250 3885 autem

215 3932 339 3995 motus
353 3935 421 4011 est,
433 3947 643 4020 quanquam
656 3924 968 4021 imperceptibilis.
1021 3925 1138 4021 Cujus
1152 3948 1251 3999 cona·

216 4047 276 4109 tus
293 4036 369 4110 sive
385 4046 507 4109 motus
530 4038 831 4134 imperceptibilis
861 4061 1011 4110 causam
1039 4038 1251 4112 efficientem

216 4150 349 4246 quibus
366 4151 545 4224 machinis
563 4152 820 4248 investigatis?
849 4153 945 4225 Nam
964 4152 1003 4225 id
1014 4153 1136 4249 primo
1163 4175 1250 4249 qnae·

216 4263 372 4336 rendum
390 4275 494 4349 erat3
520 4263 665 4354 deinde,
684 4264 868 4361 quomodo
885 4289 909 4337 a
926 4267 1114 4361 gravitate
1126 4279 1253 4340 atmos

216 4376 353 4471 phaerae
381 4377 625 4473 phaenomena
650 4378 830 4452 machinae
854 4389 989 4452 vestrae
1017 4378 1153 4452 salvari
1179 4400 1253 4475 pos

217 4501 308 4563 sent.
364 4490 475 4564 Quod
491 4492 770 4588 atmosphaerae
760 4502 887 4564 insunt
909 4492 1100 4586 permistae
1117 4489 1253 4590 corpori

216 4601 377 4677 aethereo
394 4604 519 4679 multae
540 4616 619 4678 tum
635 4629 741 4701 aquae
759 4618 838 4680 tum
868 4603 981 4678 etiarn
1010 4618 1122 4682 terrae
1150 4603 1254 4704 parti·
