2618 5092
239 707 308 773 150
451 718 721 773 uxsuruiirro
739 720 793 771 nr
809 680 1074 773 nuruum-o

47 908 198 953 sinuosus
284 887 334 958 B.
362 885 436 960 Sed
469 885 534 983 qui
562 887 682 961 obiter
714 886 909 985 physicum
937 888 1130 963 theooema
1160 884 1251 961 donet

48 992 191 1095 ᾧ
234 999 498 1089 arithmeticus,
514 999 778 1097 aucupanda
793 1001 875 1075 est?

283 1112 330 1186 A.
357 1114 465 1186 Non:
502 1137 684 1211 parergon
718 1126 789 1201 est,
805 1115 837 1189 si
870 1115 1014 1190 doceat.
1082 1113 1151 1188 Sin
1175 1110 1252 1187 libro

232 1226 465 1301 arithmetico
482 1226 629 1315 inferat,
639 1250 761 1325 neque
778 1226 1146 1325 demonstratosque
1161 1248 1254 1300 oons-

232 1354 296 1413 tur
313 1339 577 1429 demonstrare,
594 1338 694 1436 qnod
709 1339 883 1430 fecitille,
900 1341 1068 1438 ineptum
1083 1350 1152 1414 est
1176 1338 1254 1414 0oe

232 1453 398 1549 sequitur
413 1476 481 1547 per
498 1464 574 1527 tres
600 1453 766 1549 paginus,
784 1465 841 1527 est
862 1452 1151 1549 praecedentium
1175 1472 1254 1548 syn·

232 1566 352 1640 bolica
368 1567 530 1661 scriptio.
581 1566 736 1656 Deinde,
753 1566 915 1641 ostendit
944 1564 1132 1663 quomodo
1151 1562 1254 1639 mniti

232 1680 372 1776 plicari,
390 1680 428 1751 in
445 1678 582 1775 regulae
611 1700 733 1752 anreae
761 1678 986 1776 operatione,
1002 1677 1150 1775 possint
1175 1677 1256 1751 inter

232 1817 272 1866 se
310 1793 392 1866 duae
431 1792 655 1889 quantitates
692 1792 960 1890 hermogenes,
999 1792 1059 1865 vel
1092 1814 1168 1865 nnn
1203 1810 1256 1889 per

232 1906 385 1979 alteram
413 1905 527 1978 dividi
549 1905 690 2002 possit;
714 1917 818 2002 puta,
845 1903 1032 2002 quomodo
1061 1902 1255 2001 pondnsin

230 2022 365 2093 lineam
379 2018 625 2114 multiplicari,
637 2019 697 2093 vel
711 2041 779 2116 per
795 2042 878 2092 eam
906 2017 1021 2092 dividi
1048 2018 1189 2115 possit;
1211 2014 1255 2089 di-

230 2134 563 2230 citqueutrumque
589 2133 670 2206 fieri
699 2154 766 2229 per
794 2131 1049 2206 reductionem
1080 2130 1255 2226 utriusque
1296 2192 1299 2219 ,

231 2246 447 2342 quantit-atis
464 2245 512 2319 ad
529 2269 702 2320 numeros
717 2277 727 2330 ;
753 2256 793 2319 et
810 2245 956 2342 quidem
974 2256 1089 2319 recte.

281 2360 330 2431 B.
358 2358 431 2431 Sed
449 2383 571 2431 nonne
587 2360 666 2432 fieri
683 2371 807 2455 potest
819 2360 929 2431 etiam
938 2382 1006 2454 per
1017 2357 1256 2430 reductionem

231 2471 278 2543 ad
295 2472 421 2559 lineae,
436 2494 519 2542 cum
538 2471 607 2566 ipsi
623 2471 767 2543 numeri
778 2471 826 2544 ad
838 2471 952 2543 lineas
964 2469 1093 2542 reduci
1103 2465 1255 2566 possint?

231 2585 412 2657 Praeteres
427 2583 508 2655 fieri
524 2595 647 2678 potest
663 2594 705 2656 ut
721 2582 867 2678 pondus
883 2581 1039 2678 ponderi
1056 2582 1105 2654 sit
1134 2582 1256 2653 iucom-

230 2695 495 2768 mensurabile:
521 2708 611 2767 tunc
628 2707 750 2768 autem
769 2695 895 2769 reduci
920 2694 967 2767 ad
998 2717 1175 2767 numeros
1195 2714 1256 2764 non

230 2821 396 2906 possunt,
414 2808 462 2881 ad
472 2809 586 2881 lineas
600 2822 764 2903 possunt.

280 2923 328 2994 A.
356 2921 595 2995 Commodius
613 2936 712 2996 certe
730 2922 953 2995 reducunter
969 2921 1018 2994 ad
1035 2921 1165 2994 lineas.
1197 2916 1257 2992 Sed

229 3035 290 3108 ille
307 3060 515 3132 quanquam
532 3059 608 3108 non
621 3037 720 3123 satis,
737 3059 812 3107 non
831 3033 925 3105 male
943 3045 1069 3106 tamen
1087 3033 1187 3108 fecit.

282 3149 330 3222 B.
359 3152 409 3222 At
433 3149 494 3221 ille
524 3149 723 3236 Hobbium,
742 3148 828 3243 quia
854 3148 1036 3219 rationem
1067 3147 1257 3242 ponderum

230 3275 268 3336 et
283 3263 462 3335 linearum
480 3261 725 3334 mediantibus
753 3261 859 3333 lineis
887 3259 1125 3355 permutavit,
1152 3278 1258 3332 accer-

230 3377 321 3448 rime
339 3376 503 3470 increpat
520 3375 557 3445 iu
572 3372 749 3445 Elcoclro.

279 3487 325 3561 A.
351 3490 470 3561 Tanto
482 3487 541 3559 ille
559 3487 724 3583 nequior.
760 3485 938 3558 Venimus
952 3486 1033 3579 jam
1045 3485 1095 3559 ad
1112 3486 1259 3558 Auream

231 3602 409 3696 Regulam
439 3601 620 3673 inversam
650 3600 726 3672 sive
753 3599 993 3694 reciprocam,
1026 3621 1140 3694 quam
1164 3598 1260 3670 dooet

230 3714 359 3808 Capite
400 3712 548 3785 xxxviii.
633 3710 704 3784 Uti
747 3709 945 3807 expositis,
981 3710 1118 3806 inquit,
1152 3708 1260 3783 tatu

229 3826 509 3923 quantitatibus,
531 3825 712 3922 quaeritur
729 3833 869 3921 quarta
896 3823 1092 3920 reciproce
1111 3844 1262 3920 propor-

230 3939 391 4011 tionulis.

278 4051 638 4125 Demonstratiouem
656 4049 793 4145 regulae
818 4049 928 4143 hujus
956 4048 1110 4122 deducit
1139 4048 1184 4121 ab
1212 4069 1262 4131 eo,

228 4167 326 4264 quod
343 4167 380 4239 in
398 4164 620 4257 rectaugulis
634 4162 832 4259 aequalibus
849 4162 965 4233 latera
976 4174 1066 4234 sunt
1084 4162 1263 4258 reciproce

225 4277 527 4377 proportioualia.
605 4276 717 4352 Quod
752 4274 900 4370 quidem
935 4286 1038 4347 recte
1073 4274 1174 4362 fecit,
1205 4270 1264 4346 sed

225 4391 444 4468 necessario.
498 4390 673 4463 Fateatur
690 4412 779 4484 ergo
796 4388 869 4476 hic,
888 4387 986 4483 quod
1004 4388 1157 4484 negavit
1172 4398 1263 4471 ante,

225 4505 498 4581 arithmeticam
516 4528 539 4575 a
552 4504 769 4599 geometria,
782 4525 854 4574 non
874 4510 1017 4587 contra,
1027 4501 1263 4598 geometriam

225 4623 271 4695 ab
289 4619 522 4696 arithmetica
552 4617 772 4714 dependere.
824 4615 971 4688 Caetera
998 4626 1163 4706 transeo,
1186 4636 1264 4688 cum
