2618 5092
333 636 515 689 CURATIO
536 637 729 706 SPHAERAE,
748 637 837 691 E'I'G.
1035 623 1106 688 515

62 803 222 900 signare.
275 804 403 878 Redde
419 805 521 901 prius
537 807 694 904 gratiam
712 806 874 880 debitam
891 829 960 902 pro
984 804 1108 877 multis
1123 831 1236 873 annno]

60 916 364 1013 problematibus,
383 917 515 1015 quibus
531 920 773 1017 geometriam
796 918 1015 1015 jamdudum
1034 942 1108 990 am·
1152 912 1236 936 ’Ὗ

60 1029 234 1126 plificavi.
286 1031 374 1104 Non
407 1032 514 1122 solet,
542 1032 697 1130 inquies,
723 1033 817 1106 fieri.
874 1033 990 1106 Recte
1023 1032 1105 1104 hoc.

60 1144 209 1218 Faciam
226 1168 316 1240 ergo
332 1144 458 1240 gratis.

111 1255 347 1352 intelligatur
359 1268 482 1331 sector
499 1257 716 1353 quadrantis
734 1258 832 1332 ABC
845 1258 960 1332 dividi
977 1258 1015 1331 in
1028 1282 1108 1331 rec-

60 1369 107 1442 tis
125 1368 232 1442 lineis
250 1369 299 1441 ad
316 1384 486 1442 centrum
503 1371 537 1443 Α
554 1394 708 1444 numero
727 1396 948 1469 quocunque
972 1372 1107 1460 ductis,

60 1483 140 1555 sine
170 1480 377 1555 latitudine.
429 1484 576 1556 Horum
605 1494 791 1558 sectorum
816 1487 973 1559 vertices
1000 1499 1109 1559 erunt

60 1604 117 1666 tot
133 1606 284 1690 puncta,
302 1605 395 1691 quot
419 1605 507 1668 sunt
533 1595 643 1669 factae
670 1609 795 1692 partes
820 1597 933 1671 totius
957 1598 1109 1671 sectoris

60 1708 174 1781 ABC.
229 1706 355 1782 Quare
372 1709 528 1804 angulus
546 1720 669 1782 rectus
697 1709 794 1784 BAC
822 1711 1026 1784 continebit
1052 1723 1111 1784 tot

61 1833 246 1895 sectorum
276 1821 494 1918 exiguarum
522 1823 690 1910 vertices,
718 1836 810 1919 quot
836 1835 924 1898 sunt
952 1825 993 1897 in
1019 1848 1110 1921 qua-

61 1935 193 2009 drante
211 1935 311 2008 ABC
327 1945 484 2032 sumptae
500 1947 636 2032 partes.
689 1936 882 2010 Sectorum
905 1937 1018 2033 igitur
1042 1941 1109 2010 ho-

60 2071 142 2120 rum
161 2048 377 2144 exiguorum
397 2048 514 2122 latera
530 2073 606 2122 uon
620 2060 842 2123 concurrent
860 2051 899 2123 in
911 2061 1050 2147 puncto
1063 2052 1109 2140 A,

60 2160 126 2234 sed
155 2161 275 2257 ipsum
307 2159 485 2234 divident.
548 2160 780 2235 Concurrent
809 2186 899 2259 ergo
929 2174 1035 2237 extra
1063 2164 1110 2251 Α,

59 2297 194 2370 nempe
210 2274 277 2348 GA
296 2284 402 2347 extra
418 2273 641 2371 quadratum
658 2273 854 2370 producta.

110 2388 237 2461 Posita
254 2411 343 2484 ergo
360 2388 416 2459 Ac
439 2396 500 2475 32,
518 2397 620 2459 recta
646 2399 795 2484 sumpta
822 2412 846 2462 a
870 2397 1009 2485 puncto
1038 2388 1111 2461 hoc

60 2512 167 2574 extra
180 2500 400 2597 quadratum
419 2499 645 2589 indivisibili,
664 2501 695 2573 si
708 2502 776 2574 fiat
793 2502 864 2599 ipsi
878 2504 936 2576 Ac
949 2503 1110 2598 aequalia,

60 2613 170 2688 'cadet
197 2615 338 2688 infrac.
390 2615 439 2687 Et
467 2614 554 2686 huic
581 2614 710 2688 addita
726 2614 797 2704 cQ,
816 2615 927 2689 cadet
947 2616 1044 2690 infra
1062 2617 1109 2690 Q.

59 2729 109 2802 Et
127 2726 214 2800 huic
231 2751 358 2802 rursus
375 2727 504 2801 addita
521 2727 602 2818 QG,
620 2729 730 2802 cadet
746 2728 844 2802 infra
868 2731 911 2804 G.
962 2730 1010 2804 Et
1034 2742 1110 2803 tres

60 2841 134 2914 illae
159 2841 268 2915 lineae
293 2852 382 2915 sunt
408 2840 567 2937 aequales
593 2842 712 2916 tribus
731 2841 797 2932 Aa,
810 2843 895 2932 ΑΟ,
911 2842 990 2932 AG,
1006 2854 1043 2916 et
1072 2845 1111 2916 in

59 2953 359 3028 eademratione.

112 3068 233 3141 Causa
249 3091 339 3164 ergo
357 3092 471 3164 quare
488 3068 650 3142 calculus
667 3069 921 3143 arithmeticus
941 3069 1065 3143 differt
1088 3095 1112 3143 a

59 3181 300 3279 geometrico,
318 3180 398 3254 haec
412 3192 489 3262 est;
507 3181 607 3279 quod
624 3181 803 3255 linearum
822 3182 901 3255 sine
915 3180 1110 3255 latitudine

59 3292 226 3367 nihilitae
239 3293 331 3366 facit
342 3306 386 3367 ut
399 3293 560 3366 calculus
573 3293 826 3367 arithmeticus
838 3293 992 3389 incipiat
1004 3306 1109 3368 extra

60 3406 295 3502 quadratum,
314 3419 353 3479 et
369 3406 532 3479 calculus
558 3407 805 3503 geometricus
823 3408 953 3503 incipit
973 3408 1012 3480 in
1030 3410 1109 3505 ipso

60 3520 242 3618 quadrato
259 3519 307 3592 ad
324 3533 504 3617 punctum
521 3519 569 3594 A.

112 3634 299 3707 Distantia
324 3645 449 3707 autem
475 3657 559 3731 quae
578 3645 634 3706 est
650 3632 747 3707 inter
765 3632 802 3706 A
824 3643 862 3707 et
889 3658 1110 3708 concursum

61 3761 248 3821 rectarum
274 3746 485 3841 (latitudine
514 3747 734 3841 carentium)
765 3747 803 3820 in
821 3747 891 3821 GA
916 3748 1110 3845 producta,

62 3863 132 3935 erit
150 3860 190 3935 in
204 3861 346 3935 calculo
364 3860 600 3934 arithmetico
613 3859 750 3934 unitae.

327 4095 382 4147 AD
402 4095 746 4148 PROPOSI'IIONEM
767 4097 861 4150 v111.
894 4170 899 4177 ’

114 4211 321 4308 Propositio
348 4210 412 4283 viii
438 4211 519 4284 haec
543 4223 624 4284 est:
652 4221 700 4285 25
726 4211 907 4309 quadrata
932 4233 956 4283 a
982 4211 1113 4308 quinta

62 4337 168 4423 parte
181 4349 289 4398 arcus
309 4324 385 4411 BC,
403 4325 460 4397 vel
479 4336 589 4398 rectae
607 4325 664 4414 Gi,
683 4326 839 4422 aequalia
856 4334 942 4398 sunt
965 4334 1008 4399 10
1027 4348 1114 4420 qua-

64 4438 181 4513 dratis
199 4461 222 4510 a
240 4436 436 4510 semiradio
454 4437 530 4511 CO.

113 4551 261 4625 Falsum
278 4561 346 4639 est,
365 4550 478 4636 dicit;
504 4551 637 4648 primo,
656 4550 743 4647 quia
760 4574 867 4626 arcus
883 4549 947 4625 BC
964 4575 1040 4627 non
1059 4561 1116 4623 est

63 4667 213 4764 equalis
231 4677 342 4739 rectae
360 4664 419 4740 Gt.
