2618 5092
225 635 301 702 358
500 648 1001 705 esosnuunraenrsncn.

47 844 109 886 nr.
123 842 178 887 vn.
225 813 305 889 diat
328 815 545 912 magnitudo
571 817 759 915 pandens,
784 818 1057 897 admovestmz
1080 826 1255 919 propterea

47 912 184 1033 Hp]
226 927 327 1026 quod
342 941 465 1004 motus
481 954 624 1022 eornm,
640 932 731 1008 dum
756 931 857 1009 inter
871 956 913 1009 se
936 930 1096 1025 distem,
1110 942 1256 1031 tempore

47 1038 155 1093 ml
169 1042 213 1085 ⁰⁶⁰·
226 1043 437 1119 differentes
467 1068 507 1118 se
535 1057 667 1121 mutuo
691 1058 830 1145 cogent
857 1044 908 1123 ed
932 1058 1109 1123 centrum
1128 1042 1258 1143 nliqmd

226 1180 433 1232 commune.
477 1156 590 1233 Quod
602 1158 635 1231 si
646 1156 785 1234 ferrum
798 1158 847 1234 ad
859 1170 1077 1257 magnetem
1087 1156 1258 1241 ascendet

225 1294 320 1368 opus
336 1271 409 1344 erit
426 1282 469 1344 ut
492 1282 558 1345 ant
585 1273 725 1369 majore
740 1272 791 1362 ri,
807 1284 875 1349 aut
896 1273 1041 1371 majore
1062 1270 1261 1371 propinqui·

225 1396 315 1473 tate,
341 1383 486 1480 pondus
509 1383 599 1459 ferri
622 1385 715 1481 lapis
730 1386 878 1470 vineata
902 1396 998 1461 tunc
1026 1408 1119 1461 vero
1137 1384 1262 1459 &rum

224 1497 275 1571 ad
299 1509 510 1594 magnetem
537 1497 676 1573 assiliet
702 1510 810 1573 tanta
832 1498 1043 1589 velocitate,
1068 1512 1209 1597 quanta
1223 1496 1262 1573 ab

225 1610 355 1684 eadem
383 1610 578 1685 altitudine
604 1611 846 1687 descenderet
866 1610 916 1686 ad
941 1622 1097 1687 terram.
1150 1610 1264 1687 Sedsi

225 1738 307 1798 tum
324 1723 417 1820 lapis
433 1735 513 1798 tum
530 1722 670 1798 ferrum
687 1747 950 1822 superaquam
968 1735 1089 1815 nutet,
1104 1723 1265 1801 attractio

227 1835 380 1911 visibilis
407 1837 479 1909 erit
500 1837 540 1909 in
563 1838 702 1933 majore
730 1835 929 1911 distantia:
955 1850 1160 1935 propterea
1180 1836 1266 1935 qnod

226 1948 533 2047 impedimentum
561 1948 662 2047 quod
692 1960 750 2025 est
782 1950 822 2023 in
848 1948 1016 2047 pondere
1046 1950 1266 2050 aliquatenus

226 2074 451 2137 removetur.

277 2174 325 2251 A.
352 2175 461 2250 Unde
485 2174 658 2272 estquod
681 2198 835 2272 magnes
860 2173 951 2248 dum
967 2187 1077 2251 natat
1101 2200 1178 2251 non
1200 2176 1266 2275 qui·

229 2291 333 2378 escit,
351 2288 470 2363 donec
487 2311 527 2361 se
549 2288 703 2385 praecise
724 2288 762 2361 in
785 2286 992 2361 meridiano
1014 2288 1266 2365 collocaverit?

281 2402 329 2475 B.
357 2404 444 2475 Non
471 2426 509 2474 se
537 2425 682 2498 semper
711 2401 871 2474 collocat
895 2401 935 2474 in
965 2403 1186 2492 meridiano,
1213 2402 1265 2476 sed

228 2518 364 2613 ubique
380 2515 457 2588 fere
476 2538 561 2587 cum
580 2514 789 2587 deviatione
806 2514 941 2609 aliqua.
979 2515 1142 2590 Causam
1160 2530 1264 2591 auten

229 2653 309 2702 esse
336 2640 439 2724 puto,
464 2627 563 2724 quod
591 2627 671 2701 axis
700 2640 822 2701 motus
852 2629 1056 2723 magnetici
1085 2631 1266 2725 parallelus

230 2766 376 2838 semper
400 2754 458 2813 est
479 2741 538 2814 axi
562 2741 766 2837 eclipticae:
794 2742 981 2831 nimirum,
1000 2743 1065 2815 axi
1092 2757 1214 2818 motus
1229 2743 1265 2816 si·

230 2855 325 2928 milis
343 2855 381 2927 in
398 2866 510 2939 terra,
529 2868 635 2927 extra
654 2877 764 2950 quem
780 2855 891 2929 situm
910 2868 1013 2929 motu
1032 2880 1102 2931 suo
1120 2858 1266 2956 gaudere

230 2992 305 3043 non
319 2979 453 3065 potest.

280 3084 330 3156 A.
357 3082 564 3156 Consensus
583 3095 750 3157 motuum
768 3083 807 3156 in
826 3096 925 3156 terra
938 3096 978 3156 et
992 3099 1172 3182 magnete
1184 3082 1267 3158 unda

231 3310 372 3396 dicunt,
391 3333 501 3405 quam
519 3332 695 3404 magnum
712 3305 951 3405 magnetem?

282 3421 329 3494 B.
357 3421 559 3509 GilbertuS,
578 3445 705 3494 eorum
720 3422 783 3517 qui
801 3420 847 3494 de
864 3433 1039 3517 magnete
1054 3425 1269 3522 scripserunt

231 3534 470 3632 probabiliter
496 3535 649 3631 primns,
667 3534 720 3607 sic
745 3535 901 3630 putavit.
964 3534 1156 3610 Cartesius
1179 3536 1268 3610 telln-

233 3674 310 3722 rem
324 3647 489 3743 ejusdem
503 3659 646 3721 naturae
658 3671 737 3747 esse
748 3648 892 3721 censuit
904 3671 989 3720 cum
1000 3651 1149 3723 caeteris
1160 3650 1269 3736 astris,

235 3768 406 3857 (excepta
429 3783 572 3832 summa
591 3760 670 3855 ejus
693 3760 816 3833 scabie
839 3784 915 3832 non
933 3759 1042 3834 valde
1066 3761 1270 3858 profunda),

233 3889 272 3949 et
305 3873 570 3971 splendescere.
634 3873 715 3969 Ego
749 3872 841 3947 nihil
876 3872 1026 3947 definio.
1095 3873 1270 3971 Magnetis

233 4001 358 4062 autem
375 3987 551 4059 virtutem
569 3985 656 4058 oriri
681 3985 793 4059 credo
819 3986 865 4058 ab
893 3986 1024 4059 babitu
1052 3986 1093 4059 in
1117 3989 1197 4084 ipsa
1217 3987 1270 4059 mi·

234 4127 324 4175 nera
346 4100 558 4196 longissimo
585 4111 751 4196 tempore
773 4098 967 4194 acquisito,
986 4116 1144 4198 propter
1173 4104 1271 4175 situm

234 4216 272 4289 in
300 4215 422 4310 aliquo
450 4212 675 4315 meridianop
689 4212 748 4285 vel
775 4213 897 4309 potins
926 4213 963 4285 in
990 4214 1116 4312 aliquo
1144 4214 1269 4289 circub

234 4330 393 4401 maximo
417 4351 545 4401 eorum
562 4326 625 4422 qni
649 4337 843 4400 transeunt
867 4350 933 4423 per
958 4326 1064 4423 polos
1089 4328 1270 4426 ecliptica,

233 4442 297 4535 qui
315 4441 388 4538 poli
416 4440 526 4513 iidem
553 4450 637 4512 sunt
662 4464 746 4512 enm
764 4439 858 4537 polis
883 4452 1004 4512 motus
1028 4442 1159 4517 similis
1174 4464 1269 4540 quam

234 4556 272 4627 in
290 4566 389 4628 terra
406 4554 672 4651 supposuimua
