2618 5092
310 612 631 668 Marnsmamcm
653 614 896 669 comanam.
1075 606 1122 672 2³

72 773 171 871 cipuli
195 798 288 850 eam
308 791 434 871 apator,
451 776 491 850 id
515 787 582 866 est,
607 777 829 870 didicerunt,
847 781 1121 877 intellexerunt,
1158 815 1284 858 numo

69 900 327 985 perceperunt,
346 887 386 961 id
408 889 506 985 quod
532 890 611 964 sine
630 915 773 966 summa
798 893 983 968 evidentia
998 896 1122 971 facere
1159 897 1284 1002 ,ζ-

68 1025 132 1074 non
144 1012 376 1098 potuerunt.
407 1003 464 1076 De
475 1003 557 1077 aliis
571 1004 693 1094 rebus,
706 1005 784 1078 sine
797 1007 988 1104 principiis
1002 1012 1118 1084 mani-

68 1114 160 1189 festis
177 1126 219 1188 et
244 1115 331 1189 sine
349 1129 523 1190 accurata
540 1117 833 1208 ratiocinatione,
859 1121 898 1193 in
915 1123 1119 1217 porticibus

68 1240 101 1301 ct
115 1228 359 1319 ambulacris,
376 1254 400 1302 a
419 1229 633 1304 sedentibus
659 1231 988 1321 ambulantibusve‚
1011 1237 1119 1311 scho-

67 1339 202 1433 lastice,
228 1342 272 1416 id
296 1353 367 1431 est,
390 1356 576 1435 στοχαστικός
593 1343 851 1435 disserebatur,
881 1350 1118 1444 quemadmo-

68 1454 151 1528 dum
165 1479 238 1530 nos
254 1479 359 1529 nunc
377 1454 587 1530 disserimus
599 1482 666 1553 per
679 1457 869 1554 fortasse.
902 1462 951 1534 Et
968 1463 1114 1557 quidem

66 1568 93 1639 si
120 1580 281 1664 propter
315 1568 388 1642 boc
414 1567 631 1643 dicebantur
657 1571 932 1663 mathematica,
959 1591 1118 1652 nonest

67 1680 211 1756 difficile
245 1681 507 1755 universaliter
542 1681 696 1757 definire
724 1685 814 1780 quid
848 1686 895 1760 sit
929 1688 1116 1764 mathesis.

66 1795 129 1869 Est
145 1797 249 1870 enim
267 1795 455 1883 mathesis
481 1795 647 1894 cognitio
673 1797 848 1871 veritatis
871 1823 948 1896 per
974 1800 1115 1875 damon·

65 1908 297 1982 aratiam.

114 2021 165 2096 B.
195 2020 373 2095 Scientiae
391 2044 491 2116 crgo,
505 2022 615 2117 juxta
626 2032 729 2095 tuam
747 2022 1013 2114 definitionem,
1029 2037 1116 2101 sunt

66 2159 192 2210 omnes
208 2133 494 2208 mathematicae.
547 2134 622 2208 Cur
639 2158 728 2231 ergo
754 2135 875 2209 Graeci
894 2160 969 2211 non
988 2162 1115 2212 omnes

65 2248 235 2323 scientias
252 2247 307 2321 sic
326 2244 534 2320 vocabant?

112 2362 162 2435 A.
193 2361 330 2434 Annon
364 2383 491 2432 omnes
525 2359 577 2431 sic
610 2360 808 2449 vocabant,
847 2384 930 2457 quae
965 2361 1113 2434 traditae

64 2485 168 2548 erant
185 2471 503 2548 demonstrative?
554 2471 653 2545 Nam
683 2497 765 2569 quae
793 2474 1022 2549 theoremata
1048 2473 1111 2547 de-

63 2600 268 2662 monstrata
292 2586 503 2660 habuerunt
532 2585 651 2660 Graeci
679 2598 835 2678 veteres,
863 2600 1112 2685 praeterquam

63 2701 161 2775 circa
176 2700 427 2796 quantitatem
442 2698 455 2771 i

111 2813 162 2888 B.
189 2806 284 2887 Poto
303 2811 415 2885 nulla.

111 2927 161 3001 A.
188 2926 303 3000 Vides
321 2948 409 3022 ergo
424 2948 572 2999 causam
590 2948 656 2998 cur
673 2925 747 3000 illae
764 2927 941 3016 scientia,
956 2951 1113 3024 quarum

63 3040 267 3137 subjectum
305 3048 361 3111 est
392 3037 594 3134 quantitas,
636 3036 724 3111 solae
766 3038 903 3111 habitae
943 3050 1030 3111 sunt
1063 3040 1111 3112 ab

62 3153 221 3249 antiquis
252 3150 536 3240 mathematica,
571 3162 609 3224 et
643 3152 697 3224 sic
731 3152 964 3248 appellantur
999 3152 1112 3226 etiam

61 3265 181 3340 hodie.
236 3266 369 3361 Itaque
398 3263 429 3337 si
454 3263 517 3338 illo
548 3274 715 3360 tempore
743 3264 925 3339 doctrinae
961 3265 1111 3340 moralis

61 3391 98 3453 et
126 3379 246 3454 civilis
268 3378 426 3453 missent
452 3376 727 3468 demonstratae,
759 3403 826 3452 cur
856 3402 932 3451 non
961 3378 1111 3454 credam

61 3505 96 3567 et
123 3494 208 3568 illas
234 3516 306 3589 pro
333 3491 603 3566 mathematicis
634 3491 763 3565 baberi
789 3491 979 3588 potuisse?
1022 3492 1110 3568 Non

61 3606 157 3680 enim
174 3607 397 3704 subjectum,
415 3605 481 3679 sed
507 3604 839 3679 demonstrationes
864 3604 1007 3679 faciunt
1032 3628 1110 3679 ma-

59 3720 310 3794 thematicam.

110 3833 263 3907 Transit
295 3832 373 3928 jam
405 3830 455 3904 ad
488 3831 728 3904 scientiarum
763 3830 1109 3905 mathematicarum

60 3943 360 4043 specics—Saat
374 3952 497 4017 aatem
514 3940 725 4040 disciplina
738 3943 1008 4016 mathematica
1022 3941 1109 4016 alia

54 4084 171 4157 para,
208 4056 297 4131 alia
330 4057 467 4130 mixta.
536 4053 663 4128 Parae
697 4056 855 4129 dicimus
889 4055 988 4144 illas,
1031 4081 1108 4152 qua

60 4170 302 4270 quantitatem
320 4168 489 4243 absolate
502 4167 780 4242 consideratam
797 4178 977 4258 tractant,
988 4175 1108 4266 prout

59 4283 271 4359 acroteria
296 4282 545 4356 abstrahitur.
597 4280 746 4354 Miatas
774 4291 896 4355 autera
926 4280 1016 4354 illut
1038 4304 1107 4377 ap-

54 4399 255 4496 pellamus,
270 4395 309 4470 ia
327 4393 456 4492 quibam
467 4403 615 4493 prater
632 4395 967 4468 considerationem
992 4417 1107 4488 qaan-

60 4513 192 4600 titatia,
210 4509 290 4583 siae
313 4507 509 4583 multitado
532 4507 602 4582 itta
615 4508 749 4606 faerit
774 4509 853 4582 aiae
877 4504 1106 4605 magnitudo,
