2618 5092
230 624 304 695 ³50
506 642 1003 699 naoannunnauanssca

54 828 123 871 cu
134 830 177 873 u
279 807 330 882 B.
357 808 570 938 Suppositio
585 809 648 884 hic
663 808 875 885 adhibenda
889 822 1072 887 estnova.

29 897 218 1013 κῖωιηω
281 922 330 995 Α.
359 921 447 997 Non
464 923 591 997 omnia
605 946 696 1021 ergo
711 924 883 999 continet
884 922 1029 1053 ’pelvis

29 1019 217 1137 immi*
279 1034 330 1110 B.
357 1035 459 1110 Quid
475 1036 553 1110 ita?
604 1036 819 1133 Suppositio
835 1035 936 1111 enim
952 1032 1253 1135 quamadjuactu

228 1171 403 1239 russum,
420 1172 497 1223 non
514 1148 703 1223 obstabit.
729 1172 814 1247 qaae
837 1148 921 1225 bae
942 1161 1015 1241 est,
1030 1146 1135 1247 quod
1153 1156 1254 1223 notu
1298 1190 1301 1231 ι

226 1260 290 1335 ille
303 1284 413 1357 quem
431 1261 608 1358 supposui
623 1260 664 1335 in
678 1270 794 1353 terra,
805 1260 897 1351 sole,
908 1270 950 1335 et
960 1260 1154 1351 meost
1163 1258 1255 1335 etian
1299 1344 1301 1353 ¹

226 1372 812 1473 ineorumminimispartioulis
863 1374 965 1449 Nam
986 1374 1021 1449 si
1042 1372 1256 1449 motastada
1299 1358 1301 1425 3

226 1488 266 1562 in
283 1486 415 1562 tellure
438 1510 568 1561 revera
586 1486 687 1578 insit,
703 1510 819 1586 quare
842 1487 1102 1563 dubitabimus
1120 1508 1170 1561 an
1187 1486 1257 1561 insit

226 1599 340 1674 etiam
356 1600 396 1675 in
412 1599 569 1697 singulis
583 1601 753 1698 partibus
768 1601 849 1699 ejus
870 1602 1055 1677 seorsim?
1107 1600 1201 1675 Nam
1213 1612 1258 1674 to·

226 1725 307 1786 tum
324 1725 363 1787 et
378 1724 503 1810 partes
518 1712 685 1810 ejusdem
701 1726 790 1789 sunt
804 1725 962 1790 naturoe.
998 1714 1042 1789 Si
1053 1736 1142 1811 pam
1156 1714 1257 1811 aliqua

224 1837 335 1899 terrae
352 1824 677 1925 quantulacunque
688 1826 945 1903 sublatuesset
956 1849 1122 1902 ererum
1133 1841 1257 1917 natan,

224 1961 315 2012 num
331 1937 417 2013 ideo
433 1950 557 2013 motus
571 1938 634 2013 ille
650 1940 844 2015 tolleretur
858 1938 899 2013 in
914 1951 1026 2037 perte
1041 1938 1207 2037 reliqna?
1227 1938 1257 2013 Si

224 2066 437 2150 magnetem
458 2052 620 2151 benges,
637 2075 870 2152 unaquaque
892 2076 981 2151 pars
1003 2052 1088 2150 ejus
1103 2054 1257 2127 virtuten

225 2167 341 2241 totius
357 2166 544 2254 retinebit,
560 2190 772 2266 quanquam
788 2190 858 2265 pro
874 2166 1022 2243 ratione
1049 2167 1258 2266 magnitndi

224 2280 283 2355 nis
300 2279 531 2354 diminutam.
584 2281 662 2356 Cur
677 2305 769 2381 ergo
790 2281 890 2356 idem
911 2305 989 2356 non
1012 2282 1083 2356 fiet
1105 2282 1145 2357 iu
1166 2281 1257 2380 parti

224 2393 316 2467 culis
333 2393 468 2467 terrae?

275 2506 325 2579 A.
353 2506 602 2604 Suppnnatur.
654 2508 778 2604 Atque
795 2507 919 2591 etiam,
938 2507 1042 2603 quod
1059 2509 1169 2583 simul
1189 2532 1256 2582 cnm

222 2643 320 2716 aqua
339 2621 443 2711 (nam
459 2620 568 2694 video
589 2643 664 2716 quo
688 2621 825 2715 tendis)
848 2620 976 2695 multae
999 2622 1041 2695 in
1064 2623 1182 2696 nubes
1199 2621 1256 2694 ele-

222 2744 357 2807 vantur
373 2757 397 2807 a
412 2733 536 2807 calore
553 2733 641 2807 solis
658 2733 773 2807 atomi
790 2747 932 2807 terreae.
987 2733 1094 2809 Quid
1111 2735 1195 2809 inde
1214 2758 1256 2808 se

222 2846 375 2943 quitur?

274 2959 323 3034 B.
352 2960 392 3034 si
409 2960 525 3033 nubes
538 2959 702 3056 gravidae
714 2959 921 3056 permultae,
934 2959 1019 3034 aliae
1032 2962 1257 3035 ascendentes

220 3073 303 3146 aliae
321 3073 599 3161 descendentes,
618 3083 855 3157 concurrant,
872 3070 1089 3169 faciantque
1105 3100 1173 3172 per
1188 3099 1257 3149 con·

220 3209 370 3261 cursum
387 3187 639 3260 concavitates
655 3185 784 3283 plenas
801 3208 898 3273 aere,
915 3197 955 3258 et
977 3209 1165 3263 concursu
1184 3213 1257 3263 con·

220 3299 365 3373 tinuato
382 3300 502 3396 spatia
518 3298 582 3371 illa
599 3321 690 3371 cava
707 3308 912 3386 coarctent,
925 3297 980 3372 ita
993 3311 1036 3372 ut
1050 3302 1098 3373 ab
1112 3298 1258 3400 expressi

220 3414 317 3486 aeris
338 3424 441 3487 motu
464 3413 529 3485 fiat
554 3410 711 3507 glacies:
743 3432 894 3483 necesse
914 3422 973 3484 est
996 3424 1039 3485 ut
1062 3416 1178 3488 atomi
1198 3414 1257 3487 illa

221 3537 366 3617 terreae,
377 3550 461 3622 quae
478 3548 612 3621 aquam
628 3547 705 3597 non
722 3534 799 3597 tam
815 3523 924 3597 facile
937 3538 1152 3620 penetrant,
1163 3528 1259 3602 relin-

220 3651 385 3737 quantur
397 3641 434 3712 in
453 3640 524 3712 illis
534 3638 765 3727 cavitatibus,
778 3637 980 3711 minoribus
994 3640 1151 3715 tandem
1163 3664 1258 3739 quan

220 3776 290 3850 pro
319 3753 461 3827 ratione
491 3753 599 3848 spatii
629 3751 730 3849 quod
760 3751 907 3824 illarum
936 3763 1064 3827 motus
1095 3755 1257 3852 postulat.

220 3868 352 3963 Itaque
375 3866 501 3940 alterae
524 3867 563 3939 in
586 3866 721 3939 alteras
747 3864 968 3961 impingent,
990 3879 1032 3940 et
1054 3883 1163 3943 motu
1185 3867 1258 3941 inde

219 3990 329 4055 aucto
356 3980 513 4078 glaciem
537 3980 673 4065 subito,
697 3978 809 4052 modo
833 3978 894 4051 hic
916 3979 1031 4053 modo
1058 3982 1151 4072 illic,
1173 4006 1257 4056 rum·

217 4106 322 4193 pent,
340 4107 379 4167 et
396 4117 476 4167 sese
494 4093 715 4181 liberabunt,
731 4092 895 4165 tonitrua
912 4104 951 4164 et
967 4092 1121 4190 fulgura
1133 4096 1257 4171 facien-

216 4220 274 4282 tes
288 4231 356 4304 pro
369 4231 522 4280 numero
533 4229 723 4280 carcerum
735 4206 983 4279 effractorum.
1020 4207 1256 4307 Fulgurenin

216 4322 413 4419 phantasia
429 4334 486 4395 est
499 4320 545 4394 ab
563 4320 710 4393 actione
726 4320 821 4392 aeris
839 4319 877 4391 in
895 4320 1057 4394 oculum.

269 4433 314 4508 A.
343 4437 449 4533 Saepe
470 4435 582 4508 etiam
600 4457 731 4507 sereno
748 4433 842 4507 coelo
865 4457 935 4507 neo
961 4448 1121 4511 tonante
1144 4436 1254 4534 fulgur

218 4549 305 4639 vidi,
323 4552 529 4648 praesertim
546 4571 708 4645 vespere.
