<?xml version="1.0" encoding="UTF-8"?>
<!DOCTYPE html PUBLIC "-//W3C//DTD XHTML 1.0 Transitional//EN"
    "http://www.w3.org/TR/xhtml1/DTD/xhtml1-transitional.dtd">
<html xmlns="http://www.w3.org/1999/xhtml" xml:lang="en" lang="en">
 <head>
  <title>
</title>
<meta http-equiv="Content-Type" content="text/html;charset=utf-8" />
  <meta name='ocr-system' content='tesseract 3.04.00' />
  <meta name='ocr-capabilities' content='ocr_page ocr_carea ocr_par ocr_line ocrx_word'/>
</head>
<body>
  <div class='ocr_page' id='page_1' title='image "./thomhobbesmalme03hobbgoog_0352.png"; bbox 0 0 2618 5092; ppageno 0'>
   <div class='ocr_carea' id='block_1_1' title="bbox 341 624 1107 701">
    <p class='ocr_par' dir='ltr' id='par_1_1' title="bbox 341 624 1107 701">
     <span class='ocr_line' id='line_1_1' title="bbox 341 624 1107 701; baseline -0.004 -8"><span class='ocrx_word' id='word_1_1' title='bbox 341 640 619 695; x_wconf 73' lang='lat' dir='ltr'><strong>uuoununarn</strong></span> <span class='ocrx_word' id='word_1_2' title='bbox 638 639 831 692; x_wconf 75' lang='lat' dir='ltr'><strong>nursica,</strong></span> <span class='ocrx_word' id='word_1_3' title='bbox 1036 624 1107 701; x_wconf 89' lang='lat'><strong>337</strong></span> 
     </span>
    </p>
   </div>
   <div class='ocr_carea' id='block_1_2' title="bbox 54 808 1290 2835">
    <p class='ocr_par' dir='ltr' id='par_1_2' title="bbox 54 808 1290 2835">
     <span class='ocr_line' id='line_1_2' title="bbox 56 808 1272 904; baseline -0.005 -20"><span class='ocrx_word' id='word_1_4' title='bbox 56 809 190 884; x_wconf 85' lang='lat' dir='ltr'><strong>ferreae</strong></span> <span class='ocrx_word' id='word_1_5' title='bbox 215 833 240 883; x_wconf 84' lang='lat' dir='ltr'><strong>a</strong></span> <span class='ocrx_word' id='word_1_6' title='bbox 259 809 298 882; x_wconf 85' lang='lat' dir='ltr'><strong>vi</strong></span> <span class='ocrx_word' id='word_1_7' title='bbox 325 810 496 882; x_wconf 87' lang='lat' dir='ltr'><strong>flectente</strong></span> <span class='ocrx_word' id='word_1_8' title='bbox 523 819 728 903; x_wconf 89' lang='lat' dir='ltr'><strong>superetur,</strong></span> <span class='ocrx_word' id='word_1_9' title='bbox 747 808 997 904; x_wconf 86' lang='lat' dir='ltr'><strong>proximarum</strong></span> <span class='ocrx_word' id='word_1_10' title='bbox 1022 832 1090 904; x_wconf 89' lang='lat' dir='ltr'><strong>par</strong></span> <span class='ocrx_word' id='word_1_11' title='bbox 1161 838 1228 877; x_wconf 68' lang='lat' dir='ltr'><strong>mr.</strong></span> <span class='ocrx_word' id='word_1_12' title='bbox 1244 837 1272 878; x_wconf 86' lang='lat' dir='ltr'><strong>v.</strong></span> 
     </span>
     <span class='ocr_line' id='line_1_3' title="bbox 57 905 1290 1019; baseline -0.003 -23"><span class='ocrx_word' id='word_1_13' title='bbox 57 924 150 996; x_wconf 87' lang='lat' dir='ltr'><strong>tium</strong></span> <span class='ocrx_word' id='word_1_14' title='bbox 169 923 335 998; x_wconf 87' lang='lat' dir='ltr'><strong>cohaesio</strong></span> <span class='ocrx_word' id='word_1_15' title='bbox 360 922 483 995; x_wconf 90' lang='lat' dir='ltr'><strong>subito</strong></span> <span class='ocrx_word' id='word_1_16' title='bbox 500 922 672 1012; x_wconf 89' lang='lat' dir='ltr'><strong>vincitur,</strong></span> <span class='ocrx_word' id='word_1_17' title='bbox 690 922 797 995; x_wconf 86' lang='lat' dir='ltr'><strong>victae</strong></span> <span class='ocrx_word' id='word_1_18' title='bbox 814 920 891 994; x_wconf 87' lang='lat' dir='ltr'><strong>fere</strong></span> <span class='ocrx_word' id='word_1_19' title='bbox 908 935 1106 1019; x_wconf 87' lang='lat' dir='ltr'><strong>antequam</strong></span> <span class='ocrx_word' id='word_1_20' title='bbox 1147 905 1290 1007; x_wconf 54' lang='grc' dir='ltr'><strong>ἷζῇζζ</strong></span> 
     </span>
     <span class='ocr_line' id='line_1_4' title="bbox 56 1028 1270 1132; baseline -0.004 -22"><span class='ocrx_word' id='word_1_21' title='bbox 56 1059 143 1132; x_wconf 88' lang='lat' dir='ltr'><strong>pars</strong></span> <span class='ocrx_word' id='word_1_22' title='bbox 160 1037 305 1109; x_wconf 85' lang='lat' dir='ltr'><strong>extima</strong></span> <span class='ocrx_word' id='word_1_23' title='bbox 320 1037 564 1132; x_wconf 77' lang='lat' dir='ltr'><strong>frangeretur.</strong></span> <span class='ocrx_word' id='word_1_24' title='bbox 1172 1028 1270 1072; x_wconf 70' lang='lat' dir='ltr'>“¹¹¹⁰ffi·</span> 
     </span>
     <span class='ocr_line' id='line_1_5' title="bbox 106 1147 1105 1244; baseline 0 -23"><span class='ocrx_word' id='word_1_25' title='bbox 106 1149 158 1221; x_wconf 88' lang='lat' dir='ltr'><strong>A.</strong></span> <span class='ocrx_word' id='word_1_26' title='bbox 186 1149 274 1222; x_wconf 91' lang='lat' dir='ltr'><strong>Vidi</strong></span> <span class='ocrx_word' id='word_1_27' title='bbox 292 1149 429 1222; x_wconf 84' lang='lat' dir='ltr'><strong>vitrum</strong></span> <span class='ocrx_word' id='word_1_28' title='bbox 455 1150 612 1244; x_wconf 87' lang='lat' dir='ltr'><strong>figuram</strong></span> <span class='ocrx_word' id='word_1_29' title='bbox 638 1147 778 1220; x_wconf 89' lang='lat' dir='ltr'><strong>habens</strong></span> <span class='ocrx_word' id='word_1_30' title='bbox 795 1147 940 1244; x_wconf 90' lang='lat' dir='ltr'><strong>qualem</strong></span> <span class='ocrx_word' id='word_1_31' title='bbox 960 1147 1021 1220; x_wconf 90' lang='lat' dir='ltr'><strong>hic</strong></span> <span class='ocrx_word' id='word_1_32' title='bbox 1045 1173 1105 1244; x_wconf 86' lang='lat' dir='ltr'><strong>ap·</strong></span> 
     </span>
     <span class='ocr_line' id='line_1_6' title="bbox 58 1261 1105 1357; baseline -0.001 -23"><span class='ocrx_word' id='word_1_33' title='bbox 58 1262 199 1357; x_wconf 87' lang='lat' dir='ltr'><strong>pictam</strong></span> <span class='ocrx_word' id='word_1_34' title='bbox 225 1262 359 1335; x_wconf 85' lang='lat' dir='ltr'><strong>habes:</strong></span> <span class='ocrx_word' id='word_1_35' title='bbox 385 1285 530 1357; x_wconf 87' lang='lat' dir='ltr'><strong>nempe,</strong></span> <span class='ocrx_word' id='word_1_36' title='bbox 557 1261 705 1334; x_wconf 90' lang='lat' dir='ltr'><strong>AABC</strong></span> <span class='ocrx_word' id='word_1_37' title='bbox 724 1261 891 1335; x_wconf 85' lang='lat' dir='ltr'><strong>solidam.</strong></span> <span class='ocrx_word' id='word_1_38' title='bbox 944 1262 1057 1356; x_wconf 88' lang='lat' dir='ltr'><strong>Cujus</strong></span> <span class='ocrx_word' id='word_1_39' title='bbox 1075 1262 1105 1333; x_wconf 93' lang='lat' dir='ltr'><strong>si</strong></span> 
     </span>
     <span class='ocr_line' id='line_1_7' title="bbox 58 1374 1105 1472; baseline -0.002 -24"><span class='ocrx_word' id='word_1_40' title='bbox 58 1387 204 1470; x_wconf 86' lang='lat' dir='ltr'><strong>partem</strong></span> <span class='ocrx_word' id='word_1_41' title='bbox 224 1375 294 1448; x_wconf 89' lang='lat' dir='ltr'><strong>BC</strong></span> <span class='ocrx_word' id='word_1_42' title='bbox 314 1376 499 1472; x_wconf 85' lang='lat' dir='ltr'><strong>effringos,</strong></span> <span class='ocrx_word' id='word_1_43' title='bbox 514 1385 635 1449; x_wconf 90' lang='lat' dir='ltr'><strong>totum</strong></span> <span class='ocrx_word' id='word_1_44' title='bbox 652 1375 690 1447; x_wconf 89' lang='lat' dir='ltr'><strong>in</strong></span> <span class='ocrx_word' id='word_1_45' title='bbox 716 1375 907 1470; x_wconf 89' lang='lat' dir='ltr'><strong>pulverem</strong></span> <span class='ocrx_word' id='word_1_46' title='bbox 931 1374 1105 1447; x_wconf 90' lang='lat' dir='ltr'><strong>discutie-</strong></span> 
     </span>
     <span class='ocr_line' id='line_1_8' title="bbox 58 1490 1104 1588; baseline -0.002 -22"><span class='ocrx_word' id='word_1_47' title='bbox 58 1503 130 1566; x_wconf 88' lang='lat' dir='ltr'><strong>tur.</strong></span> <span class='ocrx_word' id='word_1_48' title='bbox 185 1491 344 1565; x_wconf 84' lang='lat' dir='ltr'><strong>Causam</strong></span> <span class='ocrx_word' id='word_1_49' title='bbox 361 1490 594 1588; x_wconf 86' lang='lat' dir='ltr'><strong>phaenomeni</strong></span> <span class='ocrx_word' id='word_1_50' title='bbox 612 1502 689 1564; x_wconf 90' lang='lat' dir='ltr'><strong>tam</strong></span> <span class='ocrx_word' id='word_1_51' title='bbox 705 1491 859 1587; x_wconf 86' lang='lat' dir='ltr'><strong>insignis</strong></span> <span class='ocrx_word' id='word_1_52' title='bbox 873 1491 967 1565; x_wconf 89' lang='lat' dir='ltr'><strong>scire</strong></span> <span class='ocrx_word' id='word_1_53' title='bbox 985 1493 1104 1588; x_wconf 91' lang='lat' dir='ltr'><strong>cupio,</strong></span> 
     </span>
     <span class='ocr_line' id='line_1_9' title="bbox 59 1604 448 1678; baseline -0.003 0"><span class='ocrx_word' id='word_1_54' title='bbox 59 1604 296 1678; x_wconf 88' lang='lat' dir='ltr'><strong>verisimilem</strong></span> <span class='ocrx_word' id='word_1_55' title='bbox 309 1605 448 1678; x_wconf 84' lang='lat' dir='ltr'><strong>saltem.</strong></span> 
     </span>
     <span class='ocr_line' id='line_1_10' title="bbox 108 1716 1106 1815; baseline -0.002 -24"><span class='ocrx_word' id='word_1_56' title='bbox 108 1717 161 1793; x_wconf 90' lang='lat' dir='ltr'><strong>B.</strong></span> <span class='ocrx_word' id='word_1_57' title='bbox 187 1719 493 1815; x_wconf 83' lang='lat' dir='ltr'><strong>Experimentum</strong></span> <span class='ocrx_word' id='word_1_58' title='bbox 505 1716 593 1790; x_wconf 88' lang='lat' dir='ltr'><strong>vidi.</strong></span> <span class='ocrx_word' id='word_1_59' title='bbox 646 1718 818 1808; x_wconf 86' lang='lat' dir='ltr'><strong>Causam,</strong></span> <span class='ocrx_word' id='word_1_60' title='bbox 833 1718 1106 1814; x_wconf 84' lang='lat' dir='ltr'><strong>primo,figurae</strong></span> 
     </span>
     <span class='ocr_line' id='line_1_11' title="bbox 60 1829 1107 1930; baseline -0.002 -26"><span class='ocrx_word' id='word_1_61' title='bbox 60 1829 193 1905; x_wconf 89' lang='lat' dir='ltr'><strong>dicam.</strong></span> <span class='ocrx_word' id='word_1_62' title='bbox 250 1831 403 1930; x_wconf 87' lang='lat' dir='ltr'><strong>Virgam</strong></span> <span class='ocrx_word' id='word_1_63' title='bbox 435 1831 593 1904; x_wconf 82' lang='lat' dir='ltr'><strong>ferreum</strong></span> <span class='ocrx_word' id='word_1_64' title='bbox 627 1830 724 1903; x_wconf 89' lang='lat' dir='ltr'><strong>vitro</strong></span> <span class='ocrx_word' id='word_1_65' title='bbox 759 1830 972 1926; x_wconf 85' lang='lat' dir='ltr'><strong>liquefacto,</strong></span> <span class='ocrx_word' id='word_1_66' title='bbox 1007 1831 1107 1927; x_wconf 94' lang='lat' dir='ltr'><strong>quod</strong></span> 
     </span>
     <span class='ocr_line' id='line_1_12' title="bbox 59 1943 1107 2038; baseline -0.001 -21"><span class='ocrx_word' id='word_1_67' title='bbox 59 1944 158 2018; x_wconf 91' lang='lat' dir='ltr'><strong>iutra</strong></span> <span class='ocrx_word' id='word_1_68' title='bbox 179 1943 369 2018; x_wconf 82' lang='lat' dir='ltr'><strong>fornacem</strong></span> <span class='ocrx_word' id='word_1_69' title='bbox 392 1945 430 2017; x_wconf 92' lang='lat' dir='ltr'><strong>in</strong></span> <span class='ocrx_word' id='word_1_70' title='bbox 453 1967 540 2017; x_wconf 88' lang='lat' dir='ltr'><strong>vase</strong></span> <span class='ocrx_word' id='word_1_71' title='bbox 566 1944 790 2032; x_wconf 86' lang='lat' dir='ltr'><strong>continetur,</strong></span> <span class='ocrx_word' id='word_1_72' title='bbox 818 1943 1021 2038; x_wconf 89' lang='lat' dir='ltr'><strong>intingunt.</strong></span> <span class='ocrx_word' id='word_1_73' title='bbox 1072 1945 1107 2016; x_wconf 88' lang='lat' dir='ltr'><strong>A</strong></span> 
     </span>
     <span class='ocr_line' id='line_1_13' title="bbox 58 2054 1107 2154; baseline -0.003 -23"><span class='ocrx_word' id='word_1_74' title='bbox 58 2057 173 2154; x_wconf 82' lang='lat' dir='ltr'><strong>virgae</strong></span> <span class='ocrx_word' id='word_1_75' title='bbox 206 2057 366 2131; x_wconf 84' lang='lat' dir='ltr'><strong>termino</strong></span> <span class='ocrx_word' id='word_1_76' title='bbox 399 2056 575 2153; x_wconf 92' lang='lat' dir='ltr'><strong>pendebit</strong></span> <span class='ocrx_word' id='word_1_77' title='bbox 608 2067 718 2151; x_wconf 90' lang='lat' dir='ltr'><strong>gutta</strong></span> <span class='ocrx_word' id='word_1_78' title='bbox 746 2056 875 2144; x_wconf 88' lang='lat' dir='ltr'><strong>vitrea,</strong></span> <span class='ocrx_word' id='word_1_79' title='bbox 905 2054 1107 2151; x_wconf 87' lang='lat' dir='ltr'><strong>liquefacta</strong></span> 
     </span>
     <span class='ocr_line' id='line_1_14' title="bbox 58 2167 1105 2266; baseline -0.005 -23"><span class='ocrx_word' id='word_1_80' title='bbox 58 2168 221 2266; x_wconf 85' lang='lat' dir='ltr'><strong>quidem,</strong></span> <span class='ocrx_word' id='word_1_81' title='bbox 240 2169 304 2244; x_wconf 83' lang='lat' dir='ltr'><strong>sod</strong></span> <span class='ocrx_word' id='word_1_82' title='bbox 332 2181 456 2243; x_wconf 89' lang='lat' dir='ltr'><strong>tamen</strong></span> <span class='ocrx_word' id='word_1_83' title='bbox 480 2169 570 2242; x_wconf 87' lang='lat' dir='ltr'><strong>satis</strong></span> <span class='ocrx_word' id='word_1_84' title='bbox 593 2181 718 2259; x_wconf 87' lang='lat' dir='ltr'><strong>tenax,</strong></span> <span class='ocrx_word' id='word_1_85' title='bbox 740 2169 868 2242; x_wconf 90' lang='lat' dir='ltr'><strong>similis</strong></span> <span class='ocrx_word' id='word_1_86' title='bbox 893 2167 1105 2240; x_wconf 89' lang='lat' dir='ltr'><strong>lachrimae:</strong></span> 
     </span>
     <span class='ocr_line' id='line_1_15' title="bbox 58 2279 1107 2381; baseline -0.007 -23"><span class='ocrx_word' id='word_1_87' title='bbox 58 2306 168 2381; x_wconf 89' lang='lat' dir='ltr'><strong>quam</strong></span> <span class='ocrx_word' id='word_1_88' title='bbox 182 2284 353 2358; x_wconf 85' lang='lat' dir='ltr'><strong>excidere</strong></span> <span class='ocrx_word' id='word_1_89' title='bbox 370 2283 407 2357; x_wconf 90' lang='lat' dir='ltr'><strong>in</strong></span> <span class='ocrx_word' id='word_1_90' title='bbox 423 2306 555 2380; x_wconf 89' lang='lat' dir='ltr'><strong>aquam</strong></span> <span class='ocrx_word' id='word_1_91' title='bbox 573 2283 710 2357; x_wconf 88' lang='lat' dir='ltr'><strong>sinunt.</strong></span> <span class='ocrx_word' id='word_1_92' title='bbox 752 2282 844 2356; x_wconf 88' lang='lat' dir='ltr'><strong>Inde</strong></span> <span class='ocrx_word' id='word_1_93' title='bbox 858 2281 975 2353; x_wconf 91' lang='lat' dir='ltr'><strong>oritur</strong></span> <span class='ocrx_word' id='word_1_94' title='bbox 989 2279 1107 2352; x_wconf 88' lang='lat' dir='ltr'><strong>cauda</strong></span> 
     </span>
     <span class='ocr_line' id='line_1_16' title="bbox 57 2393 1104 2493; baseline -0.006 -22"><span class='ocrx_word' id='word_1_95' title='bbox 57 2396 118 2471; x_wconf 87' lang='lat' dir='ltr'><strong>illu</strong></span> <span class='ocrx_word' id='word_1_96' title='bbox 143 2396 278 2471; x_wconf 84' lang='lat' dir='ltr'>AOB:</span> <span class='ocrx_word' id='word_1_97' title='bbox 310 2421 384 2493; x_wconf 89' lang='lat' dir='ltr'><strong>qua</strong></span> <span class='ocrx_word' id='word_1_98' title='bbox 410 2406 532 2492; x_wconf 86' lang='lat' dir='ltr'><strong>rupta,</strong></span> <span class='ocrx_word' id='word_1_99' title='bbox 561 2395 599 2469; x_wconf 92' lang='lat' dir='ltr'><strong>in</strong></span> <span class='ocrx_word' id='word_1_100' title='bbox 634 2420 767 2492; x_wconf 90' lang='lat' dir='ltr'><strong>aquam</strong></span> <span class='ocrx_word' id='word_1_101' title='bbox 798 2393 939 2482; x_wconf 91' lang='lat' dir='ltr'><strong>incidit,</strong></span> <span class='ocrx_word' id='word_1_102' title='bbox 973 2393 1104 2488; x_wconf 93' lang='lat' dir='ltr'><strong>primo,</strong></span> 
     </span>
     <span class='ocr_line' id='line_1_17' title="bbox 55 2508 500 2607; baseline -0.004 -23"><span class='ocrx_word' id='word_1_103' title='bbox 55 2508 400 2607; x_wconf 85' lang='lat' dir='ltr'><strong>grandisillagutta</strong></span> <span class='ocrx_word' id='word_1_104' title='bbox 409 2509 500 2593; x_wconf 83' lang='lat' dir='ltr'><strong>AA;</strong></span> 
     </span>
     <span class='ocr_line' id='line_1_18' title="bbox 56 2627 501 2726; baseline -0.007 -24"><span class='ocrx_word' id='word_1_105' title='bbox 56 2638 93 2702; x_wconf 87' lang='lat' dir='ltr'><strong>ct</strong></span> <span class='ocrx_word' id='word_1_106' title='bbox 146 2629 273 2703; x_wconf 88' lang='lat' dir='ltr'><strong>statim</strong></span> <span class='ocrx_word' id='word_1_107' title='bbox 335 2627 501 2726; x_wconf 87' lang='lat' dir='ltr'><strong>seqnitur</strong></span> 
     </span>
     <span class='ocr_line' id='line_1_19' title="bbox 54 2744 499 2835; baseline -0.002 -14"><span class='ocrx_word' id='word_1_108' title='bbox 54 2744 172 2822; x_wconf 86' lang='lat' dir='ltr'><strong>cauda</strong></span> <span class='ocrx_word' id='word_1_109' title='bbox 193 2745 315 2835; x_wconf 81' lang='lat' dir='ltr'><strong>AGB,</strong></span> <span class='ocrx_word' id='word_1_110' title='bbox 342 2756 381 2820; x_wconf 88' lang='lat' dir='ltr'><strong>et</strong></span> <span class='ocrx_word' id='word_1_111' title='bbox 410 2769 499 2820; x_wconf 87' lang='lat' dir='ltr'><strong>casu</strong></span> 
     </span>
    </p>
   </div>
   <div class='ocr_carea' id='block_1_3' title="bbox 54 2862 1103 4345">
    <p class='ocr_par' dir='ltr' id='par_1_3' title="bbox 54 2862 615 3189">
     <span class='ocr_line' id='line_1_20' title="bbox 54 2862 498 2962; baseline 0 -25"><span class='ocrx_word' id='word_1_112' title='bbox 54 2873 239 2938; x_wconf 84' lang='lat' dir='ltr'><strong>curvatur.</strong></span> <span class='ocrx_word' id='word_1_113' title='bbox 277 2862 392 2938; x_wconf 91' lang='lat' dir='ltr'><strong>Gutta</strong></span> <span class='ocrx_word' id='word_1_114' title='bbox 407 2887 498 2962; x_wconf 87' lang='lat' dir='ltr'><strong>ergo</strong></span> 
     </span>
     <span class='ocr_line' id='line_1_21' title="bbox 54 2976 615 3074; baseline 0.002 -23"><span class='ocrx_word' id='word_1_115' title='bbox 54 2976 498 3074; x_wconf 79' lang='lat' dir='ltr'><strong>AAextiuguitnrprimo,</strong></span> <span class='ocrx_word' id='word_1_116' title='bbox 599 3034 615 3068; x_wconf 71' lang='lat'><strong>,</strong></span> 
     </span>
     <span class='ocr_line' id='line_1_22' title="bbox 54 3091 498 3189; baseline 0.005 -24"><span class='ocrx_word' id='word_1_117' title='bbox 54 3101 189 3189; x_wconf 82' lang='lat' dir='ltr'><strong>etpost</strong></span> <span class='ocrx_word' id='word_1_118' title='bbox 201 3100 346 3188; x_wconf 84' lang='lat' dir='ltr'><strong>guttum</strong></span> <span class='ocrx_word' id='word_1_119' title='bbox 359 3091 498 3167; x_wconf 85' lang='lat' dir='ltr'><strong>cauda:</strong></span> 
     </span>
    </p>

    <p class='ocr_par' dir='ltr' id='par_1_4' title="bbox 54 3208 637 3402">
     <span class='ocr_line' id='line_1_23' title="bbox 54 3208 637 3308; baseline 0.003 -24"><span class='ocrx_word' id='word_1_120' title='bbox 54 3208 163 3308; x_wconf 88' lang='lat' dir='ltr'><strong>idque</strong></span> <span class='ocrx_word' id='word_1_121' title='bbox 191 3210 409 3300; x_wconf 86' lang='lat' dir='ltr'><strong>successive,</strong></span> <span class='ocrx_word' id='word_1_122' title='bbox 436 3235 499 3284; x_wconf 87' lang='lat' dir='ltr'><strong>ex·</strong></span> <span class='ocrx_word' id='word_1_123' title='bbox 636 3238 637 3241; x_wconf 79' lang='grc'>’</span> 
     </span>
     <span class='ocr_line' id='line_1_24' title="bbox 54 3326 500 3402; baseline 0 -1"><span class='ocrx_word' id='word_1_124' title='bbox 54 3326 236 3402; x_wconf 85' lang='lat' dir='ltr'><strong>tinctione</strong></span> <span class='ocrx_word' id='word_1_125' title='bbox 259 3351 281 3400; x_wconf 91' lang='lat' dir='ltr'><strong>a</strong></span> <span class='ocrx_word' id='word_1_126' title='bbox 302 3327 418 3401; x_wconf 87' lang='lat' dir='ltr'><strong>fundo</strong></span> <span class='ocrx_word' id='word_1_127' title='bbox 443 3327 500 3401; x_wconf 92' lang='lat' dir='ltr'><strong>in-</strong></span> 
     </span>
    </p>

    <p class='ocr_par' dir='ltr' id='par_1_5' title="bbox 55 3439 501 3538">
     <span class='ocr_line' id='line_1_25' title="bbox 55 3439 501 3538; baseline 0.004 -24"><span class='ocrx_word' id='word_1_128' title='bbox 55 3439 228 3537; x_wconf 87' lang='lat' dir='ltr'><strong>cipiente.</strong></span> <span class='ocrx_word' id='word_1_129' title='bbox 256 3440 417 3537; x_wconf 85' lang='lat' dir='ltr'><strong>Cognita</strong></span> <span class='ocrx_word' id='word_1_130' title='bbox 423 3443 501 3538; x_wconf 88' lang='lat' dir='ltr'><strong>jam</strong></span> 
     </span>
    </p>

    <p class='ocr_par' dir='ltr' id='par_1_6' title="bbox 55 3551 1103 4345">
     <span class='ocr_line' id='line_1_26' title="bbox 56 3551 652 3652; baseline 0.013 -26"><span class='ocrx_word' id='word_1_131' title='bbox 56 3552 221 3652; x_wconf 86' lang='lat' dir='ltr'><strong>corporis</strong></span> <span class='ocrx_word' id='word_1_132' title='bbox 253 3553 363 3651; x_wconf 89' lang='lat' dir='ltr'><strong>hujus</strong></span> <span class='ocrx_word' id='word_1_133' title='bbox 393 3557 503 3632; x_wconf 86' lang='lat' dir='ltr'><strong>vitrei</strong></span> <span class='ocrx_word' id='word_1_134' title='bbox 635 3551 652 3564; x_wconf 55' lang='lat'><strong><em>⁹</em></strong></span> 
     </span>
     <span class='ocr_line' id='line_1_27' title="bbox 55 3658 740 3764; baseline 0.02 -25"><span class='ocrx_word' id='word_1_135' title='bbox 55 3666 501 3764; x_wconf 84' lang='lat' dir='ltr'><strong>generatione,videamus</strong></span> <span class='ocrx_word' id='word_1_136' title='bbox 625 3658 657 3710; x_wconf 91' lang='lat'><em>³</em></span> <span class='ocrx_word' id='word_1_137' title='bbox 724 3688 740 3722; x_wconf 75' lang='lat'><strong>⁴</strong></span> 
     </span>
     <span class='ocr_line' id='line_1_28' title="bbox 56 3780 658 3883; baseline 0.017 -29"><span class='ocrx_word' id='word_1_138' title='bbox 56 3780 413 3877; x_wconf 79' lang='lat' dir='ltr'><strong>quidabeaiuferri</strong></span> <span class='ocrx_word' id='word_1_139' title='bbox 434 3810 500 3883; x_wconf 91' lang='lat' dir='ltr'><strong>po·</strong></span> <span class='ocrx_word' id='word_1_140' title='bbox 587 3832 594 3881; x_wconf 50' lang='lat'><strong>1,</strong></span> <span class='ocrx_word' id='word_1_141' title='bbox 638 3800 658 3869; x_wconf 52' lang='grc' dir='ltr'><strong>ἢ</strong></span> 
     </span>
     <span class='ocr_line' id='line_1_29' title="bbox 56 3904 516 3968; baseline 0.015 -62"><span class='ocrx_word' id='word_1_142' title='bbox 56 3904 139 3968; x_wconf 40' lang='grc' dir='ltr'><strong>Μ.</strong></span> <span class='ocrx_word' id='word_1_143' title='bbox 513 3908 516 3913; x_wconf 91' lang='grc'>.</span> 
     </span>
     <span class='ocr_line' id='line_1_30' title="bbox 104 4007 1102 4117; baseline 0.013 -34"><span class='ocrx_word' id='word_1_144' title='bbox 104 4007 294 4083; x_wconf 76' lang='lat' dir='ltr'><strong>Quoniam</strong></span> <span class='ocrx_word' id='word_1_145' title='bbox 310 4034 395 4107; x_wconf 83' lang='lat' dir='ltr'><strong>pars</strong></span> <span class='ocrx_word' id='word_1_146' title='bbox 413 4013 487 4088; x_wconf 88' lang='grc' dir='ltr'><strong>ΑΑ</strong></span> <span class='ocrx_word' id='word_1_147' title='bbox 505 4018 626 4113; x_wconf 85' lang='lat' dir='ltr'><strong>primu</strong></span> <span class='ocrx_word' id='word_1_148' title='bbox 648 4020 889 4117; x_wconf 86' lang='lat' dir='ltr'><strong>extinguitur,</strong></span> <span class='ocrx_word' id='word_1_149' title='bbox 918 4034 1037 4098; x_wconf 91' lang='lat' dir='ltr'><strong>motus</strong></span> <span class='ocrx_word' id='word_1_150' title='bbox 1065 4026 1102 4096; x_wconf 89' lang='lat' dir='ltr'><strong>iu</strong></span> 
     </span>
     <span class='ocr_line' id='line_1_31' title="bbox 58 4120 1102 4232; baseline 0.018 -41"><span class='ocrx_word' id='word_1_151' title='bbox 58 4120 290 4217; x_wconf 86' lang='lat' dir='ltr'><strong>capurtium,</strong></span> <span class='ocrx_word' id='word_1_152' title='bbox 314 4124 377 4220; x_wconf 92' lang='lat' dir='ltr'><strong>qui</strong></span> <span class='ocrx_word' id='word_1_153' title='bbox 401 4129 447 4200; x_wconf 89' lang='lat' dir='ltr'><strong>ab</strong></span> <span class='ocrx_word' id='word_1_154' title='bbox 464 4129 551 4225; x_wconf 86' lang='lat' dir='ltr'><strong>igne</strong></span> <span class='ocrx_word' id='word_1_155' title='bbox 569 4131 608 4204; x_wconf 90' lang='lat' dir='ltr'><strong>in</strong></span> <span class='ocrx_word' id='word_1_156' title='bbox 628 4135 825 4228; x_wconf 86' lang='lat' dir='ltr'><strong>majoribus</strong></span> <span class='ocrx_word' id='word_1_157' title='bbox 854 4139 982 4232; x_wconf 87' lang='lat' dir='ltr'><strong>spatiis</strong></span> <span class='ocrx_word' id='word_1_158' title='bbox 1008 4138 1102 4209; x_wconf 87' lang='lat' dir='ltr'><strong>fere-</strong></span> 
     </span>
     <span class='ocr_line' id='line_1_32' title="bbox 59 4230 1103 4345; baseline 0.017 -41"><span class='ocrx_word' id='word_1_159' title='bbox 59 4230 177 4323; x_wconf 89' lang='lat' dir='ltr'><strong>batur,</strong></span> <span class='ocrx_word' id='word_1_160' title='bbox 188 4232 237 4307; x_wconf 88' lang='lat' dir='ltr'><strong>ab</strong></span> <span class='ocrx_word' id='word_1_161' title='bbox 251 4258 347 4332; x_wconf 89' lang='lat' dir='ltr'><strong>aqna</strong></span> <span class='ocrx_word' id='word_1_162' title='bbox 358 4251 511 4335; x_wconf 83' lang='lat' dir='ltr'><strong>cogetur</strong></span> <span class='ocrx_word' id='word_1_163' title='bbox 528 4243 567 4316; x_wconf 91' lang='lat' dir='ltr'><strong>in</strong></span> <span class='ocrx_word' id='word_1_164' title='bbox 585 4247 705 4340; x_wconf 85' lang='lat' dir='ltr'><strong>spatia</strong></span> <span class='ocrx_word' id='word_1_165' title='bbox 720 4248 880 4321; x_wconf 90' lang='lat' dir='ltr'><strong>minora:</strong></span> <span class='ocrx_word' id='word_1_166' title='bbox 900 4261 938 4322; x_wconf 90' lang='lat' dir='ltr'><strong>et</strong></span> <span class='ocrx_word' id='word_1_167' title='bbox 950 4251 1103 4345; x_wconf 88' lang='lat' dir='ltr'><strong>proinde</strong></span> 
     </span>
    </p>
   </div>
   <div class='ocr_carea' id='block_1_4' title="bbox 61 4347 954 4535">
    <p class='ocr_par' dir='ltr' id='par_1_7' title="bbox 61 4347 954 4535">
     <span class='ocr_line' id='line_1_33' title="bbox 61 4347 954 4457; baseline 0.021 -41"><span class='ocrx_word' id='word_1_168' title='bbox 61 4355 177 4420; x_wconf 83' lang='lat' dir='ltr'><strong>motus</strong></span> <span class='ocrx_word' id='word_1_169' title='bbox 194 4347 356 4442; x_wconf 86' lang='lat' dir='ltr'><strong>partium</strong></span> <span class='ocrx_word' id='word_1_170' title='bbox 374 4375 499 4426; x_wconf 86' lang='lat' dir='ltr'><strong>versus</strong></span> <span class='ocrx_word' id='word_1_171' title='bbox 518 4354 549 4426; x_wconf 95' lang='lat' dir='ltr'><strong>B</strong></span> <span class='ocrx_word' id='word_1_172' title='bbox 568 4356 730 4430; x_wconf 88' lang='lat' dir='ltr'><strong>velocior</strong></span> <span class='ocrx_word' id='word_1_173' title='bbox 747 4360 822 4432; x_wconf 90' lang='lat' dir='ltr'><strong>fiet.</strong></span> <span class='ocrx_word' id='word_1_174' title='bbox 940 4426 954 4457; x_wconf 71' lang='grc'><strong>,</strong></span> 
     </span>
     <span class='ocr_line' id='line_1_34' title="bbox 107 4457 380 4535; baseline 0.015 -4"><span class='ocrx_word' id='word_1_175' title='bbox 107 4458 156 4532; x_wconf 86' lang='grc' dir='ltr'><strong>Α.</strong></span> <span class='ocrx_word' id='word_1_176' title='bbox 184 4457 286 4533; x_wconf 80' lang='lat' dir='ltr'><strong>Quid</strong></span> <span class='ocrx_word' id='word_1_177' title='bbox 303 4460 380 4535; x_wconf 84' lang='lat' dir='ltr'><strong>ita?</strong></span> 
     </span>
    </p>
   </div>
   <div class='ocr_carea' id='block_1_5' title="bbox 107 4571 1104 4776">
    <p class='ocr_par' dir='ltr' id='par_1_8' title="bbox 107 4571 1104 4776">
     <span class='ocr_line' id='line_1_35' title="bbox 107 4571 1104 4674; baseline 0.021 -32"><span class='ocrx_word' id='word_1_178' title='bbox 107 4571 156 4645; x_wconf 90' lang='lat' dir='ltr'><strong>B.</strong></span> <span class='ocrx_word' id='word_1_179' title='bbox 182 4572 224 4645; x_wconf 90' lang='lat' dir='ltr'><strong>Si</strong></span> <span class='ocrx_word' id='word_1_180' title='bbox 251 4596 373 4650; x_wconf 88' lang='lat' dir='ltr'><strong>sumas</strong></span> <span class='ocrx_word' id='word_1_181' title='bbox 390 4579 531 4674; x_wconf 85' lang='lat' dir='ltr'><strong>virgum</strong></span> <span class='ocrx_word' id='word_1_182' title='bbox 554 4605 575 4654; x_wconf 89' lang='lat' dir='ltr'><strong>e</strong></span> <span class='ocrx_word' id='word_1_183' title='bbox 599 4582 708 4674; x_wconf 88' lang='lat' dir='ltr'><strong>ferro,</strong></span> <span class='ocrx_word' id='word_1_184' title='bbox 733 4596 796 4659; x_wconf 89' lang='lat' dir='ltr'><strong>aut</strong></span> <span class='ocrx_word' id='word_1_185' title='bbox 827 4589 983 4662; x_wconf 86' lang='lat' dir='ltr'><strong>materia</strong></span> <span class='ocrx_word' id='word_1_186' title='bbox 1012 4590 1104 4664; x_wconf 87' lang='lat' dir='ltr'><strong>dura</strong></span> 
     </span>
     <span class='ocr_line' id='line_1_36' title="bbox 157 4706 1003 4776; baseline 0.02 -17"><span class='ocrx_word' id='word_1_187' title='bbox 157 4706 325 4762; x_wconf 73' lang='lat' dir='ltr'><strong>vonrv.</strong></span> <span class='ocrx_word' id='word_1_188' title='bbox 982 4728 1003 4776; x_wconf 87' lang='lat' dir='ltr'>z</span> 
     </span>
    </p>
   </div>
   <div class='ocr_carea' id='block_1_6' title="bbox 0 0 1316 5092">
    <p class='ocr_par' dir='ltr' id='par_1_9' title="bbox 0 0 1316 5092">
     <span class='ocr_line' id='line_1_37' title="bbox 0 0 1316 5092; baseline 0 0"><span class='ocrx_word' id='word_1_189' title='bbox 0 0 1316 5092; x_wconf 95' lang='lat' dir='ltr'><strong> </strong></span> 
     </span>
    </p>
   </div>
  </div>
 </body>
</html>
