2618 5092
298 660 357 713 us
376 659 679 713 uncurrunuus
699 659 884 712 crucum.
1037 641 1109 707 365

50 830 116 914 0;
135 829 249 926 cujus
264 838 383 900 rectae
400 824 474 899 DQ
485 823 707 921 quadratum
720 824 859 920 aequale
874 834 929 896 est
946 845 1011 895 sex
1023 847 1112 918 qua-

49 942 175 1017 dratis
192 965 217 1014 a
234 935 435 1012 semiradio
453 937 542 1021 AG;
568 961 612 1010 ac
629 936 785 1033 proinde
798 937 916 1032 ipsam
933 934 1000 1008 Du
1023 934 1114 1007 duc-

49 1069 148 1143 tam,
166 1051 356 1148 oequnlem
372 1072 451 1122 esse
475 1047 662 1145 diagonali
689 1049 859 1145 quadrati
886 1049 991 1144 cujus
1016 1048 1114 1121 latus

50 1180 115 1242 est
133 1162 202 1242 Gk
216 1163 278 1237 vel
296 1162 368 1251 Fr,
386 1184 543 1258 quarum
559 1161 699 1235 utravis
715 1173 841 1259 potest
868 1160 1020 1257 triplum
1037 1163 1116 1256 ejus

52 1277 164 1377 quod
184 1286 315 1374 potest
338 1273 423 1348 AG.
473 1273 597 1347 Etiam
623 1275 792 1372 (propter
816 1273 974 1348 eandem
1003 1275 1116 1348 ratio-

53 1395 164 1485 nem)
187 1389 374 1486 quadrata
399 1386 523 1460 omnia
549 1399 736 1460 rectarum
763 1388 831 1475 SZ,
848 1387 923 1477 rb,
941 1411 1017 1460 una
1033 1411 1118 1460 cum

55 1502 381 1601 consequentibus
415 1500 523 1574 simul
559 1501 730 1574 omnibus
770 1525 838 1598 per
872 1513 1013 1575 rectam
1049 1502 1118 1575 SM

57 1616 346 1703 scandentibus
364 1611 473 1686 simul
490 1624 650 1710 sumpta,
666 1612 810 1686 faciunt
823 1611 1015 1687 dimidium
1029 1639 1120 1710 qua·

60 1731 164 1805 drati
182 1755 206 1803 a
222 1739 330 1802 recta
346 1727 408 1800 DS
423 1758 433 1811 ;
460 1741 498 1799 et
513 1725 670 1823 proinde
686 1725 908 1822 quadratum
925 1727 1026 1823 quod
1048 1728 1120 1801 illis

62 1843 241 1919 omnibus
258 1839 402 1936 aequale
420 1849 488 1928 est,
506 1861 574 1935 pro
593 1837 709 1912 latere
726 1839 840 1912 habet
856 1838 1018 1913 mediam
1034 1863 1120 1937 pro-

64 1955 318 2056 portionalem
334 1953 432 2026 inter
448 1952 511 2026 DS
525 1965 563 2026 et
580 1950 695 2049 ipsius
712 1953 912 2027 semissem.
954 1952 1122 2026 Semissis

67 2082 195 2145 autem
212 2070 294 2166 ejus
312 2079 370 2140 est
387 2079 490 2140 recta
509 2066 579 2138 Fu.

440 2292 695 2346 PROPOSITIO
713 2295 755 2346 V.

124 2414 244 2487 Recta
260 2410 331 2485 AO
349 2422 405 2484 est
426 2410 550 2484 media
573 2411 864 2508 proportionalis
888 2411 986 2485 inter
1004 2411 1070 2484 AB
1089 2424 1128 2485 et

74 2544 235 2625 quatuor
255 2523 405 2623 quintas
427 2536 552 2620 partes
580 2524 696 2621 ipsius
722 2523 801 2597 AB.
855 2526 974 2600 Recta
1003 2538 1127 2599 autem

75 2640 137 2715 DS
155 2638 280 2713 media
296 2649 353 2711 est
368 2638 654 2734 proportionalis
671 2638 770 2712 inter
780 2640 848 2713 AB
865 2651 904 2713 et
922 2639 1014 2714 duas
1024 2640 1131 2738 quin-

77 2769 135 2829 tas
147 2753 317 2850 ejusdem
335 2750 414 2824 AB.

127 2867 298 2942 Ducatur
316 2863 392 2950 ΑΕ,
410 2886 539 2936 secans
557 2862 626 2937 ΒΟ
643 2862 682 2935 in
700 2889 725 2936 a
741 2891 750 2936 ε
768 2863 808 2937 in
828 2889 940 2960 quam
962 2866 1132 2940 demitta-

78 2996 141 3057 tur
153 2976 468 3077 perpendicularis
484 2976 565 3049 BX.
601 2977 700 3051 Quia
712 3001 802 3072 ergo
819 2980 1006 3075 triangula
1020 2981 1131 3068 ABE,

79 3094 187 3168 AXB
203 3090 382 3187 angulum
398 3088 539 3162 habent
552 3088 601 3161 ad
614 3090 649 3161 A
667 3112 914 3180 communem,
926 3103 965 3164 et
977 3091 1134 3188 angulos

81 3206 130 3283 ad
148 3207 181 3278 B
198 3217 239 3278 et
253 3203 294 3277 X
310 3214 445 3289 rectos,
459 3201 532 3273 erit
548 3215 592 3273 ut
610 3201 675 3274 ΑΕ
688 3202 737 3275 ad
750 3202 830 3291 AB,
845 3203 898 3276 ita
910 3203 977 3277 AB
990 3203 1037 3277 ad
1048 3204 1133 3276 AX.

84 3319 182 3393 Sunt
211 3339 301 3412 ergo
324 3316 403 3397 ΑΒ,
423 3314 500 3402 AB,
520 3314 591 3386 AX
623 3316 800 3388 continue
827 3317 1134 3413 proportionales

84 3434 207 3507 Ducta
224 3442 349 3502 autem
368 3427 402 3498 X
399 3427 441 3524 f
450 3439 600 3499 secante
618 3428 684 3499 AB
702 3428 740 3499 in
753 3428 795 3525 f
804 3428 853 3502 ad
876 3430 1032 3524 angulos
1056 3455 1136 3503 rcc-

83 3561 155 3636 tos,
190 3555 302 3616 erunt
337 3541 449 3614 etiam
483 3539 617 3614 similia
655 3542 842 3637 triangula
877 3543 995 3630 AXB,
1013 3547 1047 3616 A
1043 3545 1084 3639 s
1086 3545 1136 3616 X.

86 3660 241 3734 Habent
258 3656 359 3728 enim
383 3655 560 3749 angulum
576 3654 624 3727 ad
643 3657 678 3728 A
695 3679 942 3746 communem,
961 3669 999 3730 et
1020 3682 1137 3755 angu-

86 3775 141 3849 los
158 3771 210 3845 ad
226 3769 264 3843 X
277 3767 360 3866 etf
369 3782 503 3841 rectos.
555 3768 679 3841 Ducto
698 3768 812 3862 igitur
825 3771 975 3869 arcnfh
989 3785 1137 3845 secante

88 3886 154 3961 Ac
182 3885 224 3958 in
250 3882 286 3971 Ιι,
311 3896 421 3954 erunt
450 3893 527 3953 tres
551 3904 659 3953 arcus
683 3881 755 3970 BP,
784 3883 856 3972 eO,
869 3884 937 3981 fh
964 3886 1138 3958 continue

88 3994 397 4099 proportionales.
449 3994 544 4067 Sunt
568 3995 679 4067 etiam
704 3997 880 4070 continue
904 4000 1139 4094 proportion-

89 4113 165 4187 ales
182 4110 272 4199 BM,
286 4107 366 4198 AB,
381 4107 448 4180 ΒΟ
467 4108 543 4180 sive
560 4108 634 4182 DS.
680 4109 731 4182 Ut
749 4133 838 4204 ergo
852 4133 959 4183 arcus
975 4111 1051 4198 BD,
1064 4112 1139 4183 sive

91 4243 193 4302 recta
219 4223 295 4298 ΒΜ
322 4221 371 4295 ad
393 4222 471 4311 ΑΒ,
500 4222 556 4295 ita
579 4234 636 4295 est
662 4223 852 4318 reciproce
884 4225 1051 4320 (propter
1073 4225 1140 4296 AB

92 4340 252 4415 mediam
268 4338 309 4410 in
325 4348 483 4430 utroque
500 4334 743 4430 analogismc)
764 4336 837 4409 AX
856 4336 905 4409 ad
923 4337 1002 4410 ΒΟ.

141 4451 344 4528 Intervallo
361 4449 434 4522 AX
451 4449 680 4545 intelligatur
703 4447 909 4546 descriptus
925 4472 1033 4524 arcus
1052 4473 1143 4544 qua·

96 4568 249 4658 munds,
266 4587 396 4640 secans
424 4564 489 4636 AC
515 4563 676 4647 alicubi;
704 4563 847 4658 eritque
884 4575 928 4636 ut
955 4586 1063 4639 arcus
1076 4562 1143 4635 BD

1161 847 1245 888 PROP.
1263 846 1281 884 V

1155 920 1282 950 »μγ-
