2618 5092
54 863 125 903 CAP·
140 861 170 903 V.

41 930 187 965 s-fae

58 989 94 1033 De
104 988 161 1033 duro

62 1060 87 1097 et
96 1052 165 1098 molli.

227 654 302 721 340
503 660 1000 720 rnonnnmansnnrsrtm.

228 856 362 930 quores
378 843 419 906 et
432 833 534 907 succi
547 831 683 907 diversi
694 830 759 927 qni
772 828 940 905 indurari
950 838 1124 927 possunt.
1158 826 1260 903 (lanso

227 957 354 1021 autem
380 969 464 1043 quae
489 969 536 1019 ex
561 968 637 1020 non
663 943 768 1019 duris
792 942 888 1017 dura
910 942 1029 1017 efficit
1048 940 1261 1029 nnivemliq

228 1060 302 1134 alia
326 1070 417 1157 puto
443 1082 522 1132 esse
548 1082 625 1131 non
647 1067 773 1155 potest
788 1064 928 1154 prseter
942 1066 1092 1131 motum
1108 1052 1262 1151 aliquem,

228 1196 306 1246 non
322 1172 449 1261 totius,
462 1170 527 1245 sed
541 1170 706 1267 partium
720 1168 971 1261 minimarum
981 1178 1024 1245 et
1037 1168 1145 1243 illum
1160 1166 1263 1265 ipsun

230 1308 339 1381 quem
352 1284 442 1357 dixi.
486 1282 598 1366 Quod
615 1282 647 1357 si
665 1282 749 1380 quio
764 1294 910 1357 motum
925 1281 1044 1358 alium
1055 1280 1168 1377 (nihil
1180 1280 1264 1355 enim

228 1408 395 1471 mutatur
412 1396 484 1470 nisi
500 1419 568 1494 per
584 1394 743 1489 motum)
768 1393 819 1469 ad
834 1394 936 1469 hunc
951 1396 1130 1469 effectum
1145 1390 1265 1491 produ-

230 1510 391 1585 cendum
420 1508 687 1606 excogitaverit
713 1506 909 1604 aptiorem,
934 1518 972 1581 et
999 1505 1264 1583 monstraverit:

231 1624 279 1699 ad
296 1623 394 1698 illius
411 1622 634 1696 sententiam
651 1619 771 1696 libens
788 1620 978 1695 accedam.

280 1734 329 1811 A.
356 1736 501 1810 Scimus
526 1758 661 1833 aquam
686 1733 923 1809 indurescere
948 1733 1066 1809 etiam
1083 1732 1221 1822 oceani,
1233 1732 1265 1805 in

232 1849 399 1948 partibus
416 1872 493 1923 non
508 1848 663 1922 nimium
680 1846 833 1922 remotis
845 1870 871 1921 a
883 1847 1016 1921 mnndi
1026 1846 1138 1946 polis.
1175 1844 1266 1923 Unde

233 1962 309 2037 sit?

282 2074 334 2148 B.
360 2072 470 2148 Nosti
498 2070 615 2147 solem
637 2072 779 2147 versari
804 2094 952 2170 semper
979 2072 1085 2147 intra
1109 2071 1268 2170 tropicos,

233 2208 431 2284 aeremque
446 2210 471 2259 a
487 2209 527 2260 se
543 2208 691 2282 semper
717 2186 778 2269 (nt
804 2185 1084 2284 supposuimus)
1104 2209 1129 2260 a
1143 2208 1183 2259 se
1196 2183 1268 2280 reji-

234 2324 330 2390 cere,
345 2312 457 2395 atque
474 2299 587 2372 etiam
605 2297 704 2374 idem
720 2300 842 2374 facere
861 2312 1013 2373 terram.
1058 2300 1187 2397 ltaque
1201 2295 1269 2370 fieri

234 2439 310 2488 non
328 2424 450 2509 potest
467 2412 556 2508 quin
579 2413 626 2486 ab
648 2424 806 2510 utroque
823 2436 980 2509 maguus
998 2425 1175 2486 nascatur
1189 2411 1269 2485 aeris

234 2539 359 2601 motus
376 2549 503 2599 versus
531 2537 730 2623 utrumque
760 2527 899 2624 polum,
916 2527 1153 2623 superficiem
1176 2537 1270 2598 terre

235 2652 273 2713 et
290 2638 402 2712 maris
420 2661 564 2733 semper
581 2639 727 2713 radens.
780 2638 840 2713 Ab
870 2639 941 2712 hac
964 2639 1114 2712 rasione
1139 2658 1271 2711 necesse

236 2763 294 2825 est
311 2763 355 2824 ιιι
370 2762 495 2846 partes
512 2750 583 2822 illae
602 2762 711 2824 terrae
729 2762 768 2824 et
784 2776 889 2848 aquae
905 2751 1077 2825 circellos
1093 2774 1178 2824 suos
1194 2769 1272 2844 quos

236 2864 379 2938 faciunt
394 2863 627 2952 contrahant,
638 2865 677 2937 id
690 2864 790 2961 qnod
803 2877 860 2937 est
873 2864 1096 2937 durescere:
1115 2876 1152 2937 et
1168 2864 1272 2961 primo

238 2977 387 3075 quidem
414 2976 452 3050 in
481 2977 675 3074 superficie
703 2978 903 3052 cuticulam
929 2976 1100 3068 induere,
1125 3001 1205 3073 quae
1227 2986 1275 3048 est

237 3090 375 3188 glacies
397 3089 538 3187 prima:
564 3100 693 3185 postea
709 3114 811 3179 vero,
833 3088 964 3163 eodem
989 3102 1096 3164 motu
1120 3111 1274 3187 perseve-

239 3216 357 3294 rante,
376 3203 576 3277 cuticulam
593 3203 703 3277 aliam
721 3203 915 3299 aliamque,
928 3216 1157 3300 cooperante
1179 3203 1276 3276 ctiam

239 3318 357 3416 glacie
381 3318 521 3413 prima:
550 3316 669 3391 donec
694 3316 844 3390 tandem
870 3314 1004 3391 evadat
1028 3317 1169 3415 glacies
1192 3338 1278 3391 cras·

240 3432 394 3505 sissima.

292 3546 342 3619 A.
369 3543 410 3618 Si
426 3545 479 3617 ita
496 3554 565 3633 est,
589 3568 664 3617 non
687 3567 780 3641 opus
804 3553 861 3617 est
890 3555 934 3616 ut
958 3543 1202 3640 interrogem,
1217 3564 1281 3639 quo

241 3667 351 3754 pacto
369 3658 436 3729 fiat
452 3670 496 3730 ut
512 3680 619 3753 aquae
642 3680 776 3731 urceus
793 3683 817 3730 a
832 3658 919 3730 nive
941 3656 1010 3729 sali
1033 3658 1165 3748 mixta,
1181 3658 1283 3730 etiam

241 3782 383 3858 aestate,
396 3794 472 3843 non
490 3771 621 3865 procul
639 3772 685 3844 ab
704 3772 790 3867 igne
807 3769 1038 3867 congeletur.
1093 3772 1179 3846 Sale
1196 3769 1283 3845 enim

241 3894 281 3955 et
302 3884 387 3955 nive
412 3883 629 3957 circundato
655 3906 780 3974 urceo,
797 3908 818 3956 e
834 3884 1127 3980 liquescentibus
1145 3884 1215 3958 illis
1229 3905 1285 3957 aer

242 3997 319 4069 sive
349 4007 482 4069 ventus
518 3997 747 4093 exprimitur,
784 3997 846 4093 qui
881 3997 1015 4071 radens
1045 3998 1284 4096 undequaque

241 4110 344 4182 urcei
362 4110 594 4206 superficiem
611 4111 799 4201 extimam,
817 4123 961 4184 motum
977 4111 1145 4207 partium
1162 4114 1239 4210 ejus
1252 4111 1285 4184 in

242 4224 362 4319 spatia
388 4224 549 4296 arctiora
577 4224 733 4321 redigit:
761 4236 799 4297 et
825 4224 878 4297 sic
902 4223 1051 4297 actione
1074 4225 1126 4299 ad
1152 4225 1284 4298 interna

241 4351 458 4434 propagata,
477 4362 574 4434 aqua
596 4338 747 4411 tandem
765 4362 848 4436 quae
871 4337 973 4410 intus
991 4348 1050 4411 est
1081 4336 1283 4413 indurescit.

243 4449 318 4522 Sed
336 4451 434 4524 unde
452 4452 636 4548 contingit
649 4464 692 4525 ut
705 4476 801 4549 aqua
816 4453 855 4525 in
871 4463 987 4547 puteo
1004 4451 1283 4548 profundorum

243 4564 463 4660 congeletur
478 4561 490 4635 ?
