2618 5092
269 654 591 709 Maranuarrcn
611 655 857 709 nanterum.
1019 639 1086 705 199

59 828 233 923 inpuucto
251 850 294 901 a.
348 825 475 900 Motus
492 826 590 899 enim
620 826 739 899 centri
764 848 840 898 nou
856 823 975 897 variat
1003 821 1086 894 alti-
1125 842 1259 884 namon

59 939 185 1013 tudines
195 938 447 1013 circulatione
463 939 674 1035 acquisitas,
693 962 775 1035 quae
788 960 931 1033 semper
944 946 1032 1010 sunt
1047 935 1087 1008 in
1128 924 1262 1028 „XL

59 1053 284 1129 altitudinum
300 1053 498 1150 parallelis.
550 1053 693 1126 Deinde
722 1052 828 1125 radio
858 1061 915 1144 2β
931 1050 1089 1123 ducatur

60 1191 148 1242 arcus
162 1166 312 1258 circuli,
339 1191 467 1241 secans
489 1167 700 1264 parallelum
722 1164 934 1240 altitudines
960 1185 1089 1237 secun-

61 1280 130 1355 dam
143 1280 184 1355 iu
197 1280 235 1354 b.
291 1280 453 1356 Quando
470 1303 559 1376 ergo
575 1290 755 1376 punctum
772 1279 803 1352 B
833 1288 986 1376 propter
1008 1299 1089 1348 mo-

60 1406 127 1469 tnm
142 1394 366 1468 cucularem
383 1393 537 1467 deberet
554 1415 634 1467 esse
651 1393 690 1465 in
708 1415 774 1466 suo
792 1415 880 1465 arcu
898 1389 946 1463 ad
963 1399 999 1478 2,
1017 1389 1088 1462 erit

61 1518 195 1604 propter
211 1517 362 1581 motum
385 1517 528 1580 rectum
554 1506 673 1578 centri
699 1505 737 1577 in
762 1504 892 1577 eadem
917 1502 1091 1599 parallela

63 1619 270 1710 altitudinis,
293 1618 343 1693 ab
366 1618 388 1692 b
398 1647 413 1703 ;
440 1619 584 1715 eritque
609 1641 716 1692 arcus
732 1652 752 1689 α
766 1642 791 1691 a
816 1617 966 1713 aequalis
988 1616 1091 1690 arcui

63 1732 122 1824 ill,
142 1745 181 1806 et
198 1755 311 1806 arcus
327 1740 350 1818 β
364 1730 387 1804 b
403 1732 554 1826 aqualis
570 1732 672 1804 arcui
690 1731 767 1806 Ba.
819 1731 914 1804 Item
937 1728 1090 1803 siradio

63 1854 107 1943 ³7
120 1844 353 1919 describatur
370 1868 475 1919 arcus
487 1869 548 1943 γε,
566 1868 694 1917 secans
711 1844 859 1917 tertiam
888 1841 1091 1916 altitudinis

62 1958 262 2053 parallelum
291 1957 333 2031 in
364 1982 396 2047 c,
427 1958 498 2030 erit
523 1981 629 2031 arcus
657 1981 707 2055 pc
732 1956 844 2054 tripla
877 1979 983 2029 arcus
1014 1956 1088 2029 Bl.

61 2070 186 2145 Eadem
232 2070 410 2145 methodo
457 2070 733 2145 constituuntur
779 2069 921 2164 reliqua
953 2080 1093 2165 puncta

61 2183 171 2281 das,
178 2210 224 2284 g,
236 2184 275 2275 ir,
290 2184 317 2273 i,
328 2183 363 2274 k,
378 2182 397 2256 i
405 2210 420 2267 ;
445 2208 513 2281 per
528 2208 612 2281 quoe
637 2194 776 2281 puncta
804 2182 953 2280 cylclois
982 2182 1092 2255 debet

62 2298 218 2371 transim.
274 2297 369 2372 Qnae
379 2309 436 2371 est
452 2297 652 2395 descriptio
670 2296 857 2394 cycloidis

101 2408 379 2484 Consectarium
412 2409 582 2506 primum.
646 2409 885 2482 Manifestum
911 2407 997 2481 hino
1025 2419 1092 2497 est,

61 2543 155 2596 arcus
188 2545 320 2597 omnes
336 2546 399 2612 aa,
424 2521 487 2616 ab,
514 2546 574 2621 γε,
599 2545 715 2618 usque
750 2522 799 2596 ad
827 2545 955 2595 arcum
989 2521 1093 2594 semi·

62 2633 177 2708 circuli
195 2635 280 2725 GP,
298 2658 378 2709 esse
396 2634 434 2709 in
452 2637 595 2711 ratione
613 2637 791 2711 continua
807 2635 1051 2710 arithmetica.

102 2747 380 2823 Consectarium
407 2749 622 2823 secundum.
687 2748 925 2822 Manifestum
950 2772 1094 2846 quoque

63 2871 119 2951 ut,
134 2862 166 2937 si
181 2862 309 2959 plures
331 2862 465 2934 fierent
487 2861 696 2950 divisiones
720 2862 987 2935 accuratiorem
1015 2861 1094 2934 fore

63 2975 269 3069 cycloidem,
304 2975 447 3070 ratione
480 2975 713 3048 arithmetica
744 2998 889 3071 semper
926 2983 1093 3048 servata:

65 3099 96 3160 et
117 3087 289 3184 denique,
317 3086 349 3160 si
373 3111 480 3161 arcus
507 3087 729 3161 ducerentur
759 3088 887 3161 eadem
921 3086 1096 3159 methodo

65 3209 113 3273 tot
138 3213 232 3298 quot
262 3200 349 3273 duci
376 3200 550 3296 possibile
579 3214 647 3290 est,
689 3200 905 3298 impleretur
935 3199 1096 3297 spatium

64 3312 202 3407 planum
215 3314 521 3411 comprehensum
534 3314 676 3387 duabus
690 3314 796 3386 lineis
813 3312 946 3402 curvis,
964 3336 1095 3409 nempe

65 3448 140 3502 arcu
174 3427 398 3502 semicirculi
426 3426 503 3517 GF,
533 3443 572 3501 et
601 3427 701 3501 linea
728 3426 893 3523 cycloide
921 3425 1034 3515 FdB,
1058 3439 1096 3498 et

66 3536 210 3638 denique
233 3552 338 3614 recta
360 3539 448 3614 BG.

416 3751 667 3804 PROPOSITIO
687 3751 734 3804 11.

106 3881 273 3979 Spatium
291 3879 478 3953 trilineum
498 3879 680 3953 inclusum
703 3879 868 3977 cycloide
891 3890 929 3953 et
955 3879 1097 3953 duabus

68 3996 164 4068 rectis
181 3994 265 4082 BG,
283 3992 360 4082 GF,
379 3992 518 4089 aequale
536 4003 591 4065 est
615 3993 846 4066 semicirculo
863 3992 1023 4066 ABCD.

107 4107 203 4182 Nam
236 4129 345 4181 arcus
378 4106 502 4195 GHF,
529 4105 590 4195 al,
617 4106 684 4195 xlc,
711 4106 761 4195 zi,
788 4106 853 4195 θΙι,
889 4119 927 4179 et
961 4107 1097 4194 caeteri,

70 4222 258 4295 scandum
275 4220 456 4295 rationem
473 4219 743 4293 arithmeticam
761 4234 940 4317 perpetuo
954 4220 1099 4292 decres-

71 4347 194 4425 centes,
235 4334 395 4430 aequales
430 4344 517 4406 sunt
552 4332 708 4405 totidem
746 4332 903 4406 arcubus
939 4331 1100 4404 semicir-

72 4445 224 4521 culorum
277 4447 443 4544 integris,
494 4446 687 4542 descriptis
721 4471 743 4519 a
779 4446 901 4534 radiis,
944 4467 1099 4538 quorum

73 4559 237 4635 maximus
265 4558 414 4655 quidem
440 4569 536 4632 esset
563 4558 645 4646 EG,
673 4559 798 4633 caeteri
821 4580 907 4630 vero
941 4556 1100 4629 minores
