2618 5092
263 669 590 725 uarunusmcn
610 668 856 722 uonssaran.
1023 653 1092 720 119

88 839 134 913 Α.
161 839 367 915 Quamdiu
379 850 448 928 est,
466 837 566 935 quod
580 848 726 934 tempus
742 835 791 910 sit
813 837 853 909 in
869 834 932 918 illo
958 835 1093 931 praedi·
1130 861 1280 903 arsamus

49 963 222 1042 mmeuto,
241 964 284 1025 et
300 976 326 1026 a
344 974 420 1048 quo
437 951 488 1024 ibi
506 948 755 1025 collocatum?
1134 942 1277 1047 L

90 1065 137 1138 B.
163 1064 340 1138 Positum
358 1064 412 1137 ibi
428 1074 485 1136 est
501 1064 548 1137 ab
566 1063 779 1137 Aristotele.

92 1178 137 1253 A.
165 1178 208 1253 Si
234 1202 313 1251 non
331 1177 527 1274 posuisset,
550 1202 625 1252 nou
642 1177 694 1250 ibi
713 1187 821 1250 esset.
875 1173 977 1249 Nihil
1004 1197 1094 1271 ergo

50 1293 134 1388 agis,
150 1291 225 1364 nisi
242 1289 420 1365 ostendas
438 1314 551 1387 quare
569 1290 622 1363 sic
640 1290 861 1363 collocatum
879 1310 958 1361 esse
984 1311 1094 1383 opor-

51 1405 128 1478 tuit.
191 1403 353 1477 Toatam
386 1404 533 1501 quidem
568 1403 702 1478 dicitur
736 1426 815 1476 esse
849 1412 926 1475 tam
960 1426 1095 1499 corpus

52 1517 223 1591 naturale
240 1542 356 1614 quam
372 1526 536 1616 temptam
556 1530 730 1591 neutrum
743 1528 866 1590 autem
885 1515 958 1589 dici
971 1527 1096 1611 potest

52 1632 233 1705 abstracte
251 1631 456 1728 quantitas.
507 1631 636 1704 Omnis
653 1631 752 1704 enim
769 1630 968 1726 quantitas,
984 1627 1015 1700 si
1037 1651 1096 1700 ac-

53 1755 176 1819 curate
191 1742 421 1840 loquendum
438 1755 504 1833 est,
516 1756 582 1817 aut
598 1742 792 1842 longitudo
802 1753 872 1827 est,
885 1753 950 1815 aut
965 1765 1096 1838 snper-

43 1857 163 1952 flciaa,
189 1866 256 1930 aut
282 1855 456 1945 solidam,
485 1857 561 1930 sive
589 1868 634 1929 ut
656 1855 806 1952 quidam
835 1855 938 1952 loqui
964 1855 1095 1941 solent,

55 1993 183 2067 eorpus
200 1969 515 2043 mathematicum.
572 1968 731 2066 Tempus
747 1979 883 2052 autem,
902 1980 941 2040 et
965 1975 1095 2056 motas,

56 2094 91 2157 et
104 2083 173 2173 vis,
186 2094 408 2178 eaeteraeque
426 2105 483 2156 res
500 2082 548 2155 de
565 2082 697 2178 quibus
715 2082 829 2177 quaeri
842 2091 966 2177 potest
979 2103 1096 2176 quan-

58 2207 102 2270 tae
128 2206 228 2288 suut,
243 2196 472 2293 quantitates
501 2196 653 2284 habent,
670 2195 804 2292 quibus
832 2205 981 2291 quantae
1009 2205 1096 2266 sunt

59 2309 333 2400 determinatur,
357 2309 497 2405 aliquas
515 2309 574 2383 vel
603 2309 761 2405 aliquam
793 2332 838 2381 ex
865 2307 937 2381 illis
965 2307 1095 2396 tribus,

60 2422 225 2496 nimirum
244 2422 326 2496 illas
338 2421 436 2518 ipsas
454 2422 587 2519 quibus
604 2433 875 2494 mensurantur.
907 2421 1098 2516 Temporis

59 2538 129 2633 jam
143 2560 319 2611 mensura
335 2561 504 2633 quaeuam
522 2535 597 2610 esti

104 2650 154 2725 B.
179 2651 321 2725 Motus.

105 2763 154 2837 A.
180 2763 276 2837 Scio.
305 2761 380 2836 Sed
389 2762 502 2859 ipsius
514 2774 634 2837 motus
648 2786 817 2858 quaeuam
829 2775 888 2835 est
900 2763 1096 2837 mensura?

106 2876 153 2951 B.
179 2875 306 2949 Linea
357 2875 455 2948 Nam
472 2899 539 2972 per
554 2874 670 2949 lineas
687 2876 859 2949 metimur
876 2886 1009 2964 motus,
1027 2876 1098 2949 sal-

66 2999 131 3062 tem
147 2989 271 3062 metiri
286 3011 495 3084 possumus,
514 2999 553 3061 et
570 3012 637 3085 per
654 3001 797 3062 motum
816 3001 973 3085 tempus.

106 3102 155 3178 A.
181 3101 312 3175 Recte.
363 3101 412 3173 Et
429 3099 529 3197 quod
544 3124 755 3174 mensuram
773 3101 938 3187 metitur,
948 3099 1100 3174 metitur

69 3216 168 3290 etiam
182 3223 449 3288 mensuratum.
499 3215 568 3287 Est
585 3238 673 3311 ergo
690 3213 789 3287 linea
817 3236 990 3287 mensura
1006 3225 1100 3286 tem-

69 3330 178 3423 poris:
204 3338 331 3425 potest
360 3338 486 3400 autem
509 3329 685 3424 temporis
702 3350 875 3400 mensura
892 3326 1099 3422 comparari

70 3465 141 3515 cum
156 3442 268 3526 linea,
285 3440 358 3515 hoc
375 3452 445 3531 est,
462 3441 561 3514 linea
578 3466 663 3514 eum
679 3441 787 3515 linea.

108 3554 153 3630 B.
180 3556 275 3644 lmo,
298 3576 446 3627 necesse
465 3565 523 3627 est
537 3564 580 3628 ut
598 3567 843 3650 comparetur,
862 3554 949 3650 quia
964 3553 1102 3650 alioqui

69 3689 131 3742 uon
145 3680 245 3743 esset
253 3690 438 3741 mensura.
455 3667 669 3764 Videojam,
681 3690 892 3763 quanquam
902 3666 1102 3740 absurdum

69 3780 108 3853 sit
121 3781 259 3855 lineam
277 3779 400 3853 dicere
416 3780 575 3875 tempori
591 3780 769 3876 aequalem
788 3802 877 3869 esse,
891 3792 1102 3853 nontamen

69 3893 215 3968 absurde
233 3892 308 3967 dici
321 3891 566 3988 quantitatem
582 3892 689 3966 lineae
706 3893 885 3989 aequalem
899 3916 978 3967 esse
1007 3905 1100 3968 tem-

69 4009 154 4100 poris
172 4006 388 4103 quantitati.
439 4005 632 4079 Assentior
645 4030 734 4102 ergo
754 4006 834 4095 tibi,
853 4007 967 4102 quaeri
993 4032 1101 4103 posse

68 4121 239 4194 rationem
253 4118 469 4216 quantitatis
483 4118 658 4214 temporis
669 4118 717 4191 ad
728 4120 972 4215 quantitatem
983 4120 1101 4207 lineae,

69 4234 126 4307 etsi
141 4257 220 4307 nou
233 4230 420 4328 adipsum
437 4242 595 4327 tempus,
613 4243 655 4304 ut
672 4254 791 4327 neque
818 4233 927 4306 ullius
956 4234 1103 4328 quanti-

69 4347 143 4420 tatis
170 4345 220 4419 ad
251 4367 385 4441 corpus
416 4342 594 4417 naturale.
646 4344 763 4418 Pudet
794 4369 881 4441 ergo
912 4346 995 4433 mei,
1024 4356 1102 4416 tum

71 4459 169 4533 etiam
178 4457 417 4547 Wallisii,cui
431 4457 468 4530 iu
480 4457 551 4531 hac
562 4481 603 4531 re
613 4469 652 4531 et
661 4457 846 4531 nonnullis
858 4458 939 4531 aliis
949 4457 1103 4529 nimium

71 4581 196 4648 amere
231 4570 464 4646 crediderim.
518 4570 591 4643 Sed
622 4570 811 4645 nonsatis
841 4569 1006 4665 intelligo
1037 4594 1103 4643 cur
