<?xml version="1.0" encoding="UTF-8"?>
<!DOCTYPE html PUBLIC "-//W3C//DTD XHTML 1.0 Transitional//EN"
    "http://www.w3.org/TR/xhtml1/DTD/xhtml1-transitional.dtd">
<html xmlns="http://www.w3.org/1999/xhtml" xml:lang="en" lang="en">
 <head>
  <title>
</title>
<meta http-equiv="Content-Type" content="text/html;charset=utf-8" />
  <meta name='ocr-system' content='tesseract 3.04.00' />
  <meta name='ocr-capabilities' content='ocr_page ocr_carea ocr_par ocr_line ocrx_word'/>
</head>
<body>
  <div class='ocr_page' id='page_1' title='image "./thomhobbesmalme03hobbgoog_0269.png"; bbox 0 0 2618 5092; ppageno 0'>
   <div class='ocr_carea' id='block_1_1' title="bbox 206 655 924 723">
    <p class='ocr_par' dir='ltr' id='par_1_1' title="bbox 206 655 924 723">
     <span class='ocr_line' id='line_1_1' title="bbox 206 655 924 723; baseline -0.006 -1"><span class='ocrx_word' id='word_1_1' title='bbox 206 655 278 722; x_wconf 77' lang='lat'><strong>254</strong></span> <span class='ocrx_word' id='word_1_2' title='bbox 524 667 579 723; x_wconf 77' lang='lat' dir='ltr'><strong>nn</strong></span> <span class='ocrx_word' id='word_1_3' title='bbox 599 666 770 722; x_wconf 70' lang='lat' dir='ltr'><strong>uenum</strong></span> <span class='ocrx_word' id='word_1_4' title='bbox 786 664 924 721; x_wconf 72' lang='lat' dir='ltr'><strong>Annis.</strong></span> 
     </span>
    </p>
   </div>
   <div class='ocr_carea' id='block_1_2' title="bbox 206 832 1251 4672">
    <p class='ocr_par' dir='ltr' id='par_1_2' title="bbox 206 832 1218 1048">
     <span class='ocr_line' id='line_1_2' title="bbox 206 832 1218 935; baseline -0.003 -23"><span class='ocrx_word' id='word_1_5' title='bbox 206 838 349 935; x_wconf 81' lang='lat' dir='ltr'><strong>explica</strong></span> <span class='ocrx_word' id='word_1_6' title='bbox 375 861 464 934; x_wconf 85' lang='lat' dir='ltr'><strong>ergo</strong></span> <span class='ocrx_word' id='word_1_7' title='bbox 488 838 607 935; x_wconf 91' lang='lat' dir='ltr'><strong>primo</strong></span> <span class='ocrx_word' id='word_1_8' title='bbox 624 860 692 935; x_wconf 89' lang='lat' dir='ltr'><strong>per</strong></span> <span class='ocrx_word' id='word_1_9' title='bbox 708 838 932 935; x_wconf 73' lang='lat' dir='ltr'><strong>hypotheses</strong></span> <span class='ocrx_word' id='word_1_10' title='bbox 951 846 1049 925; x_wconf 85' lang='lat' dir='ltr'><strong>tuns,</strong></span> <span class='ocrx_word' id='word_1_11' title='bbox 1072 832 1103 909; x_wconf 81' lang='lat' dir='ltr'><strong>n‘</strong></span> <span class='ocrx_word' id='word_1_12' title='bbox 1123 844 1218 932; x_wconf 81' lang='lat' dir='ltr'><strong>potes,</strong></span> 
     </span>
     <span class='ocr_line' id='line_1_3' title="bbox 207 949 714 1048; baseline 0 -23"><span class='ocrx_word' id='word_1_13' title='bbox 207 974 320 1048; x_wconf 80' lang='lat' dir='ltr'><strong>quere</strong></span> <span class='ocrx_word' id='word_1_14' title='bbox 338 949 377 1023; x_wconf 92' lang='lat' dir='ltr'><strong>id</strong></span> <span class='ocrx_word' id='word_1_15' title='bbox 392 951 441 1024; x_wconf 88' lang='lat' dir='ltr'><strong>sit</strong></span> <span class='ocrx_word' id='word_1_16' title='bbox 456 950 714 1025; x_wconf 77' lang='lat' dir='ltr'><strong>necessarium.</strong></span> 
     </span>
    </p>

    <p class='ocr_par' dir='ltr' id='par_1_3' title="bbox 206 1062 1236 2631">
     <span class='ocr_line' id='line_1_4' title="bbox 256 1062 1220 1161; baseline 0 -26"><span class='ocrx_word' id='word_1_17' title='bbox 256 1062 304 1138; x_wconf 78' lang='lat' dir='ltr'><strong>A.</strong></span> <span class='ocrx_word' id='word_1_18' title='bbox 331 1063 517 1138; x_wconf 78' lang='lat' dir='ltr'><strong>Quoniam</strong></span> <span class='ocrx_word' id='word_1_19' title='bbox 528 1087 595 1161; x_wconf 90' lang='lat' dir='ltr'><strong>per</strong></span> <span class='ocrx_word' id='word_1_20' title='bbox 606 1062 765 1139; x_wconf 83' lang='lat' dir='ltr'><strong>suctoris</strong></span> <span class='ocrx_word' id='word_1_21' title='bbox 776 1062 1042 1137; x_wconf 78' lang='lat' dir='ltr'><strong>retractionem</strong></span> <span class='ocrx_word' id='word_1_22' title='bbox 1057 1080 1220 1157; x_wconf 76' lang='lat' dir='ltr'><strong>serpurus</strong></span> 
     </span>
     <span class='ocr_line' id='line_1_5' title="bbox 206 1172 1222 1275; baseline -0.004 -24"><span class='ocrx_word' id='word_1_23' title='bbox 206 1177 385 1275; x_wconf 86' lang='lat' dir='ltr'><strong>impulsus</strong></span> <span class='ocrx_word' id='word_1_24' title='bbox 410 1188 502 1266; x_wconf 87' lang='lat' dir='ltr'><strong>erat,</strong></span> <span class='ocrx_word' id='word_1_25' title='bbox 528 1188 655 1273; x_wconf 84' lang='lat' dir='ltr'><strong>portes</strong></span> <span class='ocrx_word' id='word_1_26' title='bbox 677 1187 804 1251; x_wconf 86' lang='lat' dir='ltr'><strong>sutem</strong></span> <span class='ocrx_word' id='word_1_27' title='bbox 824 1188 957 1250; x_wconf 69' lang='lat' dir='ltr'><strong>terrem</strong></span> <span class='ocrx_word' id='word_1_28' title='bbox 978 1172 1222 1272; x_wconf 79' lang='lat' dir='ltr'><strong>impulsuum</strong></span> 
     </span>
     <span class='ocr_line' id='line_1_6' title="bbox 207 1288 1222 1387; baseline -0.001 -25"><span class='ocrx_word' id='word_1_29' title='bbox 207 1300 325 1379; x_wconf 80' lang='lat' dir='ltr'><strong>erant,</strong></span> <span class='ocrx_word' id='word_1_30' title='bbox 358 1291 477 1386; x_wconf 84' lang='lat' dir='ltr'><strong>major</strong></span> <span class='ocrx_word' id='word_1_31' title='bbox 509 1300 590 1363; x_wconf 83' lang='lat' dir='ltr'><strong>erat</strong></span> <span class='ocrx_word' id='word_1_32' title='bbox 616 1288 712 1364; x_wconf 80' lang='lat' dir='ltr'><strong>ratio</strong></span> <span class='ocrx_word' id='word_1_33' title='bbox 738 1288 1004 1387; x_wconf 80' lang='lat' dir='ltr'><strong>purtiettlnmm</strong></span> <span class='ocrx_word' id='word_1_34' title='bbox 1032 1300 1222 1371; x_wconf 74' lang='lat' dir='ltr'><strong>terreorum,</strong></span> 
     </span>
     <span class='ocr_line' id='line_1_7' title="bbox 208 1392 1224 1499; baseline -0.004 -23"><span class='ocrx_word' id='word_1_35' title='bbox 208 1427 291 1499; x_wconf 87' lang='lat' dir='ltr'><strong>quae</strong></span> <span class='ocrx_word' id='word_1_36' title='bbox 319 1414 424 1476; x_wconf 82' lang='lat' dir='ltr'><strong>extra</strong></span> <span class='ocrx_word' id='word_1_37' title='bbox 446 1401 654 1499; x_wconf 83' lang='lat' dir='ltr'><strong>cylindrum</strong></span> <span class='ocrx_word' id='word_1_38' title='bbox 678 1399 818 1477; x_wconf 88' lang='lat' dir='ltr'><strong>suetori</strong></span> <span class='ocrx_word' id='word_1_39' title='bbox 837 1402 1025 1499; x_wconf 78' lang='lat' dir='ltr'><strong>oontignae</strong></span> <span class='ocrx_word' id='word_1_40' title='bbox 1053 1408 1165 1489; x_wconf 83' lang='lat' dir='ltr'><strong>erunt,</strong></span> <span class='ocrx_word' id='word_1_41' title='bbox 1186 1392 1224 1471; x_wconf 79' lang='lat' dir='ltr'><strong>ud</strong></span> 
     </span>
     <span class='ocr_line' id='line_1_8' title="bbox 207 1513 1225 1612; baseline -0.002 -23"><span class='ocrx_word' id='word_1_42' title='bbox 207 1539 330 1589; x_wconf 82' lang='lat' dir='ltr'><strong>aerem</strong></span> <span class='ocrx_word' id='word_1_43' title='bbox 359 1539 506 1612; x_wconf 91' lang='lat' dir='ltr'><strong>purum,</strong></span> <span class='ocrx_word' id='word_1_44' title='bbox 536 1515 575 1588; x_wconf 92' lang='lat' dir='ltr'><strong>in</strong></span> <span class='ocrx_word' id='word_1_45' title='bbox 603 1538 677 1610; x_wconf 92' lang='lat' dir='ltr'><strong>quo</strong></span> <span class='ocrx_word' id='word_1_46' title='bbox 704 1525 846 1589; x_wconf 91' lang='lat' dir='ltr'><strong>motum</strong></span> <span class='ocrx_word' id='word_1_47' title='bbox 873 1538 982 1589; x_wconf 89' lang='lat' dir='ltr'><strong>suum</strong></span> <span class='ocrx_word' id='word_1_48' title='bbox 1014 1513 1225 1599; x_wconf 83' lang='lat' dir='ltr'><strong>exereehent,</strong></span> 
     </span>
     <span class='ocr_line' id='line_1_9' title="bbox 207 1624 1226 1726; baseline -0.001 -24"><span class='ocrx_word' id='word_1_49' title='bbox 207 1641 292 1726; x_wconf 90' lang='lat' dir='ltr'><strong>post</strong></span> <span class='ocrx_word' id='word_1_50' title='bbox 321 1629 567 1703; x_wconf 86' lang='lat' dir='ltr'><strong>revulsionem</strong></span> <span class='ocrx_word' id='word_1_51' title='bbox 595 1652 706 1724; x_wconf 86' lang='lat' dir='ltr'><strong>quam</strong></span> <span class='ocrx_word' id='word_1_52' title='bbox 734 1638 833 1702; x_wconf 82' lang='lat' dir='ltr'><strong>ante.</strong></span> <span class='ocrx_word' id='word_1_53' title='bbox 898 1627 1025 1703; x_wconf 78' lang='lat' dir='ltr'><strong>Quare</strong></span> <span class='ocrx_word' id='word_1_54' title='bbox 1057 1624 1226 1725; x_wconf 74' lang='lat' dir='ltr'><strong>particule</strong></span> 
     </span>
     <span class='ocr_line' id='line_1_10' title="bbox 207 1740 1228 1830; baseline 0 -15"><span class='ocrx_word' id='word_1_55' title='bbox 207 1741 281 1816; x_wconf 87' lang='lat' dir='ltr'><strong>illae</strong></span> <span class='ocrx_word' id='word_1_56' title='bbox 303 1753 425 1830; x_wconf 85' lang='lat' dir='ltr'><strong>motae,</strong></span> <span class='ocrx_word' id='word_1_57' title='bbox 448 1740 570 1814; x_wconf 88' lang='lat' dir='ltr'><strong>minus</strong></span> <span class='ocrx_word' id='word_1_58' title='bbox 596 1740 776 1815; x_wconf 79' lang='lat' dir='ltr'><strong>hahentes</strong></span> <span class='ocrx_word' id='word_1_59' title='bbox 801 1740 875 1815; x_wconf 85' lang='lat' dir='ltr'><strong>loei</strong></span> <span class='ocrx_word' id='word_1_60' title='bbox 898 1740 948 1814; x_wconf 86' lang='lat' dir='ltr'><strong>sd</strong></span> <span class='ocrx_word' id='word_1_61' title='bbox 972 1752 1117 1815; x_wconf 92' lang='lat' dir='ltr'><strong>motum</strong></span> <span class='ocrx_word' id='word_1_62' title='bbox 1141 1758 1228 1815; x_wconf 81' lang='lat' dir='ltr'><strong>niun</strong></span> 
     </span>
     <span class='ocr_line' id='line_1_11' title="bbox 207 1852 1229 1951; baseline -0.003 -23"><span class='ocrx_word' id='word_1_63' title='bbox 207 1855 413 1930; x_wconf 74' lang='lat' dir='ltr'><strong>naturalem</strong></span> <span class='ocrx_word' id='word_1_64' title='bbox 438 1852 696 1944; x_wconf 76' lang='lat' dir='ltr'><strong>exercendum,</strong></span> <span class='ocrx_word' id='word_1_65' title='bbox 712 1854 796 1929; x_wconf 84' lang='lat' dir='ltr'><strong>nliae</strong></span> <span class='ocrx_word' id='word_1_66' title='bbox 817 1853 899 1927; x_wconf 80' lang='lat' dir='ltr'><strong>aliis</strong></span> <span class='ocrx_word' id='word_1_67' title='bbox 920 1853 1181 1951; x_wconf 75' lang='lat' dir='ltr'><strong>impingebant,</strong></span> <span class='ocrx_word' id='word_1_68' title='bbox 1200 1858 1229 1925; x_wconf 86' lang='lat' dir='ltr'><strong>et</strong></span> 
     </span>
     <span class='ocr_line' id='line_1_12' title="bbox 208 1965 1231 2067; baseline 0 -25"><span class='ocrx_word' id='word_1_69' title='bbox 208 1968 472 2067; x_wconf 81' lang='lat' dir='ltr'><strong>propellebant.</strong></span> <span class='ocrx_word' id='word_1_70' title='bbox 534 1967 695 2042; x_wconf 77' lang='lat' dir='ltr'><strong>Necesse</strong></span> <span class='ocrx_word' id='word_1_71' title='bbox 729 1991 818 2064; x_wconf 84' lang='lat' dir='ltr'><strong>ergo</strong></span> <span class='ocrx_word' id='word_1_72' title='bbox 852 1978 933 2041; x_wconf 85' lang='lat' dir='ltr'><strong>emt</strong></span> <span class='ocrx_word' id='word_1_73' title='bbox 971 1979 1015 2042; x_wconf 93' lang='lat' dir='ltr'><strong>ut</strong></span> <span class='ocrx_word' id='word_1_74' title='bbox 1046 1965 1231 2065; x_wconf 70' lang='lat' dir='ltr'><strong>particule,</strong></span> 
     </span>
     <span class='ocr_line' id='line_1_13' title="bbox 209 2080 1233 2179; baseline -0.003 -23"><span class='ocrx_word' id='word_1_75' title='bbox 209 2106 293 2179; x_wconf 84' lang='lat' dir='ltr'><strong>quae</strong></span> <span class='ocrx_word' id='word_1_76' title='bbox 318 2080 474 2155; x_wconf 88' lang='lat' dir='ltr'><strong>suetoris</strong></span> <span class='ocrx_word' id='word_1_77' title='bbox 497 2081 705 2178; x_wconf 84' lang='lat' dir='ltr'><strong>superficiei</strong></span> <span class='ocrx_word' id='word_1_78' title='bbox 727 2081 913 2179; x_wconf 84' lang='lat' dir='ltr'><strong>contignae</strong></span> <span class='ocrx_word' id='word_1_79' title='bbox 928 2090 1049 2171; x_wconf 82' lang='lat' dir='ltr'><strong>erant,</strong></span> <span class='ocrx_word' id='word_1_80' title='bbox 1066 2090 1233 2155; x_wconf 88' lang='lat' dir='ltr'><strong>suetoreu</strong></span> 
     </span>
     <span class='ocr_line' id='line_1_14' title="bbox 207 2192 1234 2294; baseline -0.004 -25"><span class='ocrx_word' id='word_1_81' title='bbox 207 2195 466 2294; x_wconf 80' lang='lat' dir='ltr'><strong>propellerent</strong></span> <span class='ocrx_word' id='word_1_82' title='bbox 502 2193 615 2270; x_wconf 78' lang='lat' dir='ltr'><strong>Quod</strong></span> <span class='ocrx_word' id='word_1_83' title='bbox 633 2206 691 2268; x_wconf 91' lang='lat' dir='ltr'><strong>est</strong></span> <span class='ocrx_word' id='word_1_84' title='bbox 707 2193 828 2290; x_wconf 89' lang='lat' dir='ltr'><strong>ipsum</strong></span> <span class='ocrx_word' id='word_1_85' title='bbox 843 2193 1128 2290; x_wconf 85' lang='lat' dir='ltr'><strong>phaenomenon.</strong></span> <span class='ocrx_word' id='word_1_86' title='bbox 1164 2192 1234 2266; x_wconf 83' lang='lat' dir='ltr'><strong>Hoc</strong></span> 
     </span>
     <span class='ocr_line' id='line_1_15' title="bbox 210 2306 1235 2404; baseline -0.004 -22"><span class='ocrx_word' id='word_1_87' title='bbox 210 2320 333 2382; x_wconf 82' lang='lat' dir='ltr'><strong>autem</strong></span> <span class='ocrx_word' id='word_1_88' title='bbox 358 2307 635 2382; x_wconf 81' lang='lat' dir='ltr'><strong>connotandum</strong></span> <span class='ocrx_word' id='word_1_89' title='bbox 653 2318 720 2397; x_wconf 89' lang='lat' dir='ltr'><strong>est,</strong></span> <span class='ocrx_word' id='word_1_90' title='bbox 744 2306 843 2404; x_wconf 91' lang='lat' dir='ltr'><strong>quod</strong></span> <span class='ocrx_word' id='word_1_91' title='bbox 864 2331 887 2381; x_wconf 85' lang='lat' dir='ltr'><strong>s</strong></span> <span class='ocrx_word' id='word_1_92' title='bbox 909 2319 1083 2403; x_wconf 73' lang='lat' dir='ltr'><strong>surgente</strong></span> <span class='ocrx_word' id='word_1_93' title='bbox 1106 2317 1235 2381; x_wconf 84' lang='lat' dir='ltr'><strong>suctum</strong></span> 
     </span>
     <span class='ocr_line' id='line_1_16' title="bbox 208 2420 1236 2520; baseline -0.002 -26"><span class='ocrx_word' id='word_1_94' title='bbox 208 2445 272 2495; x_wconf 82' lang='lat' dir='ltr'><strong>aer</strong></span> <span class='ocrx_word' id='word_1_95' title='bbox 288 2421 351 2519; x_wconf 95' lang='lat' dir='ltr'><strong>qui</strong></span> <span class='ocrx_word' id='word_1_96' title='bbox 372 2435 452 2496; x_wconf 84' lang='lat' dir='ltr'><strong>erut</strong></span> <span class='ocrx_word' id='word_1_97' title='bbox 474 2423 573 2495; x_wconf 86' lang='lat' dir='ltr'><strong>intra</strong></span> <span class='ocrx_word' id='word_1_98' title='bbox 596 2422 815 2519; x_wconf 85' lang='lat' dir='ltr'><strong>cylindrum,</strong></span> <span class='ocrx_word' id='word_1_99' title='bbox 839 2421 968 2495; x_wconf 85' lang='lat' dir='ltr'><strong>eadem</strong></span> <span class='ocrx_word' id='word_1_100' title='bbox 995 2421 1067 2512; x_wconf 87' lang='lat' dir='ltr'><strong>vis,</strong></span> <span class='ocrx_word' id='word_1_101' title='bbox 1095 2446 1166 2520; x_wconf 84' lang='lat' dir='ltr'><strong>quo</strong></span> <span class='ocrx_word' id='word_1_102' title='bbox 1191 2420 1236 2492; x_wconf 92' lang='lat' dir='ltr'><strong>iu-</strong></span> 
     </span>
     <span class='ocr_line' id='line_1_17' title="bbox 209 2535 628 2631; baseline 0.005 -24"><span class='ocrx_word' id='word_1_103' title='bbox 209 2536 332 2624; x_wconf 84' lang='lat' dir='ltr'><strong>travit‚</strong></span> <span class='ocrx_word' id='word_1_104' title='bbox 350 2535 628 2631; x_wconf 84' lang='lat' dir='ltr'><strong>exprimeretur.</strong></span> 
     </span>
    </p>

    <p class='ocr_par' dir='ltr' id='par_1_4' title="bbox 209 2646 1243 3173">
     <span class='ocr_line' id='line_1_18' title="bbox 259 2646 1239 2745; baseline -0.001 -27"><span class='ocrx_word' id='word_1_105' title='bbox 259 2646 307 2721; x_wconf 91' lang='lat' dir='ltr'><strong>B.</strong></span> <span class='ocrx_word' id='word_1_106' title='bbox 334 2648 428 2721; x_wconf 84' lang='lat' dir='ltr'><strong>Fieri</strong></span> <span class='ocrx_word' id='word_1_107' title='bbox 453 2648 600 2745; x_wconf 93' lang='lat' dir='ltr'><strong>quidem</strong></span> <span class='ocrx_word' id='word_1_108' title='bbox 631 2649 683 2721; x_wconf 86' lang='lat' dir='ltr'><strong>ita</strong></span> <span class='ocrx_word' id='word_1_109' title='bbox 709 2673 816 2745; x_wconf 90' lang='lat' dir='ltr'><strong>posse</strong></span> <span class='ocrx_word' id='word_1_110' title='bbox 843 2647 950 2721; x_wconf 86' lang='lat' dir='ltr'><strong>facile</strong></span> <span class='ocrx_word' id='word_1_111' title='bbox 976 2646 1239 2744; x_wconf 67' lang='lat' dir='ltr'><strong>videmusque</strong></span> 
     </span>
     <span class='ocr_line' id='line_1_19' title="bbox 209 2760 1241 2859; baseline 0.004 -27"><span class='ocrx_word' id='word_1_112' title='bbox 209 2760 284 2833; x_wconf 86' lang='lat' dir='ltr'><strong>illie</strong></span> <span class='ocrx_word' id='word_1_113' title='bbox 302 2761 499 2857; x_wconf 83' lang='lat' dir='ltr'><strong>quicquam</strong></span> <span class='ocrx_word' id='word_1_114' title='bbox 516 2762 623 2835; x_wconf 92' lang='lat' dir='ltr'><strong>video</strong></span> <span class='ocrx_word' id='word_1_115' title='bbox 641 2763 806 2835; x_wconf 84' lang='lat' dir='ltr'><strong>mirabile</strong></span> <span class='ocrx_word' id='word_1_116' title='bbox 826 2773 962 2859; x_wconf 88' lang='lat' dir='ltr'><strong>praeter</strong></span> <span class='ocrx_word' id='word_1_117' title='bbox 990 2761 1110 2857; x_wconf 85' lang='lat' dir='ltr'><strong>ipsam</strong></span> <span class='ocrx_word' id='word_1_118' title='bbox 1138 2763 1241 2858; x_wconf 79' lang='lat' dir='ltr'><strong>hypo-</strong></span> 
     </span>
     <span class='ocr_line' id='line_1_20' title="bbox 210 2873 1241 2971; baseline 0 -26"><span class='ocrx_word' id='word_1_119' title='bbox 210 2873 354 2947; x_wconf 84' lang='lat' dir='ltr'><strong>thesim.</strong></span> <span class='ocrx_word' id='word_1_120' title='bbox 407 2876 529 2948; x_wconf 76' lang='lat' dir='ltr'><strong>Qunm</strong></span> <span class='ocrx_word' id='word_1_121' title='bbox 552 2888 675 2949; x_wconf 84' lang='lat' dir='ltr'><strong>tumen</strong></span> <span class='ocrx_word' id='word_1_122' title='bbox 699 2877 820 2949; x_wconf 93' lang='lat' dir='ltr'><strong>minus</strong></span> <span class='ocrx_word' id='word_1_123' title='bbox 843 2876 1030 2971; x_wconf 88' lang='lat' dir='ltr'><strong>aliquanto</strong></span> <span class='ocrx_word' id='word_1_124' title='bbox 1047 2875 1241 2949; x_wconf 80' lang='lat' dir='ltr'><strong>mirabilem</strong></span> 
     </span>
     <span class='ocr_line' id='line_1_21' title="bbox 211 2985 1243 3084; baseline -0.003 -26"><span class='ocrx_word' id='word_1_125' title='bbox 211 3009 290 3058; x_wconf 89' lang='lat' dir='ltr'><strong>esse</strong></span> <span class='ocrx_word' id='word_1_126' title='bbox 308 2986 438 3072; x_wconf 84' lang='lat' dir='ltr'><strong>fateor,</strong></span> <span class='ocrx_word' id='word_1_127' title='bbox 456 3010 565 3083; x_wconf 82' lang='lat' dir='ltr'><strong>quam</strong></span> <span class='ocrx_word' id='word_1_128' title='bbox 583 3000 639 3061; x_wconf 91' lang='lat' dir='ltr'><strong>est</strong></span> <span class='ocrx_word' id='word_1_129' title='bbox 660 2987 863 3084; x_wconf 89' lang='lat' dir='ltr'><strong>suppositio</strong></span> <span class='ocrx_word' id='word_1_130' title='bbox 883 2999 1012 3060; x_wconf 82' lang='lat' dir='ltr'><strong>nostra</strong></span> <span class='ocrx_word' id='word_1_131' title='bbox 1030 2986 1077 3060; x_wconf 91' lang='lat' dir='ltr'><strong>de</strong></span> <span class='ocrx_word' id='word_1_132' title='bbox 1100 2988 1194 3062; x_wconf 83' lang='lat' dir='ltr'><strong>seris</strong></span> <span class='ocrx_word' id='word_1_133' title='bbox 1213 2985 1243 3057; x_wconf 84' lang='lat' dir='ltr'><strong>vi</strong></span> 
     </span>
     <span class='ocr_line' id='line_1_22' title="bbox 209 3098 371 3173; baseline -0.006 0"><span class='ocrx_word' id='word_1_134' title='bbox 209 3098 371 3173; x_wconf 83' lang='lat' dir='ltr'><strong>elustiea.</strong></span> 
     </span>
    </p>

    <p class='ocr_par' dir='ltr' id='par_1_5' title="bbox 209 3209 1251 4672">
     <span class='ocr_line' id='line_1_23' title="bbox 261 3209 1245 3310; baseline 0 -28"><span class='ocrx_word' id='word_1_135' title='bbox 261 3209 308 3285; x_wconf 85' lang='lat' dir='ltr'><strong>A.</strong></span> <span class='ocrx_word' id='word_1_136' title='bbox 336 3213 388 3286; x_wconf 89' lang='lat' dir='ltr'><strong>Ut</strong></span> <span class='ocrx_word' id='word_1_137' title='bbox 404 3235 555 3308; x_wconf 88' lang='lat' dir='ltr'><strong>operum</strong></span> <span class='ocrx_word' id='word_1_138' title='bbox 574 3223 716 3286; x_wconf 81' lang='lat' dir='ltr'><strong>naturae</strong></span> <span class='ocrx_word' id='word_1_139' title='bbox 731 3212 953 3285; x_wconf 84' lang='lat' dir='ltr'><strong>mirabilium</strong></span> <span class='ocrx_word' id='word_1_140' title='bbox 970 3235 1095 3287; x_wconf 85' lang='lat' dir='ltr'><strong>causae</strong></span> <span class='ocrx_word' id='word_1_141' title='bbox 1111 3234 1245 3310; x_wconf 92' lang='lat' dir='ltr'><strong>quoque</strong></span> 
     </span>
     <span class='ocr_line' id='line_1_24' title="bbox 211 3325 1246 3424; baseline -0.001 -25"><span class='ocrx_word' id='word_1_142' title='bbox 211 3326 285 3399; x_wconf 90' lang='lat' dir='ltr'><strong>sint</strong></span> <span class='ocrx_word' id='word_1_143' title='bbox 306 3326 502 3414; x_wconf 85' lang='lat' dir='ltr'><strong>mirabiles,</strong></span> <span class='ocrx_word' id='word_1_144' title='bbox 525 3351 549 3399; x_wconf 85' lang='lat' dir='ltr'><strong>s</strong></span> <span class='ocrx_word' id='word_1_145' title='bbox 571 3327 715 3400; x_wconf 85' lang='lat' dir='ltr'><strong>ratione</strong></span> <span class='ocrx_word' id='word_1_146' title='bbox 745 3325 905 3399; x_wconf 83' lang='lat' dir='ltr'><strong>alienum</strong></span> <span class='ocrx_word' id='word_1_147' title='bbox 931 3350 1006 3399; x_wconf 92' lang='lat' dir='ltr'><strong>non</strong></span> <span class='ocrx_word' id='word_1_148' title='bbox 1031 3339 1111 3412; x_wconf 90' lang='lat' dir='ltr'><strong>est;</strong></span> <span class='ocrx_word' id='word_1_149' title='bbox 1138 3348 1246 3424; x_wconf 90' lang='lat' dir='ltr'><strong>neque</strong></span> 
     </span>
     <span class='ocr_line' id='line_1_25' title="bbox 210 3437 1247 3537; baseline 0.002 -27"><span class='ocrx_word' id='word_1_150' title='bbox 210 3437 369 3511; x_wconf 91' lang='lat' dir='ltr'><strong>hominis</strong></span> <span class='ocrx_word' id='word_1_151' title='bbox 386 3438 594 3535; x_wconf 91' lang='lat' dir='ltr'><strong>philosophi</strong></span> <span class='ocrx_word' id='word_1_152' title='bbox 618 3464 696 3513; x_wconf 88' lang='lat' dir='ltr'><strong>esse</strong></span> <span class='ocrx_word' id='word_1_153' title='bbox 716 3464 860 3529; x_wconf 90' lang='lat' dir='ltr'><strong>censeo,</strong></span> <span class='ocrx_word' id='word_1_154' title='bbox 878 3463 1077 3535; x_wconf 87' lang='lat' dir='ltr'><strong>corporum</strong></span> <span class='ocrx_word' id='word_1_155' title='bbox 1095 3464 1247 3537; x_wconf 92' lang='lat' dir='ltr'><strong>quorun-</strong></span> 
     </span>
     <span class='ocr_line' id='line_1_26' title="bbox 211 3551 1247 3651; baseline 0.001 -27"><span class='ocrx_word' id='word_1_156' title='bbox 211 3551 308 3642; x_wconf 84' lang='lat' dir='ltr'><strong>dam,</strong></span> <span class='ocrx_word' id='word_1_157' title='bbox 339 3565 382 3624; x_wconf 91' lang='lat' dir='ltr'><strong>ut</strong></span> <span class='ocrx_word' id='word_1_158' title='bbox 411 3553 497 3625; x_wconf 90' lang='lat' dir='ltr'><strong>solis</strong></span> <span class='ocrx_word' id='word_1_159' title='bbox 532 3566 569 3628; x_wconf 91' lang='lat' dir='ltr'><strong>et</strong></span> <span class='ocrx_word' id='word_1_160' title='bbox 599 3554 799 3643; x_wconf 85' lang='lat' dir='ltr'><strong>stellarum,</strong></span> <span class='ocrx_word' id='word_1_161' title='bbox 833 3552 1019 3626; x_wconf 83' lang='lat' dir='ltr'><strong>mirabiles</strong></span> <span class='ocrx_word' id='word_1_162' title='bbox 1049 3575 1247 3651; x_wconf 84' lang='lat' dir='ltr'><strong>supponere</strong></span> 
     </span>
     <span class='ocr_line' id='line_1_27' title="bbox 210 3665 1248 3764; baseline 0.002 -28"><span class='ocrx_word' id='word_1_163' title='bbox 210 3665 495 3761; x_wconf 81' lang='lat' dir='ltr'><strong>magnitudines,</strong></span> <span class='ocrx_word' id='word_1_164' title='bbox 534 3679 664 3741; x_wconf 87' lang='lat' dir='ltr'><strong>contra</strong></span> <span class='ocrx_word' id='word_1_165' title='bbox 698 3690 787 3740; x_wconf 88' lang='lat' dir='ltr'><strong>vero</strong></span> <span class='ocrx_word' id='word_1_166' title='bbox 821 3665 1005 3739; x_wconf 82' lang='lat' dir='ltr'><strong>mirabiles</strong></span> <span class='ocrx_word' id='word_1_167' title='bbox 1036 3668 1248 3764; x_wconf 85' lang='lat' dir='ltr'><strong>exiguitates</strong></span> 
     </span>
     <span class='ocr_line' id='line_1_28' title="bbox 210 3777 1248 3875; baseline 0.003 -26"><span class='ocrx_word' id='word_1_168' title='bbox 210 3800 285 3850; x_wconf 93' lang='lat' dir='ltr'><strong>non</strong></span> <span class='ocrx_word' id='word_1_169' title='bbox 323 3777 548 3852; x_wconf 83' lang='lat' dir='ltr'><strong>admittere:</strong></span> <span class='ocrx_word' id='word_1_170' title='bbox 586 3804 672 3853; x_wconf 85' lang='lat' dir='ltr'><strong>cum</strong></span> <span class='ocrx_word' id='word_1_171' title='bbox 699 3779 847 3852; x_wconf 90' lang='lat' dir='ltr'><strong>virtutis</strong></span> <span class='ocrx_word' id='word_1_172' title='bbox 892 3779 1057 3875; x_wconf 89' lang='lat' dir='ltr'><strong>ejusdem</strong></span> <span class='ocrx_word' id='word_1_173' title='bbox 1102 3780 1248 3854; x_wconf 84' lang='lat' dir='ltr'><strong>infinitae</strong></span> 
     </span>
     <span class='ocr_line' id='line_1_29' title="bbox 210 3891 1248 3990; baseline 0.003 -26"><span class='ocrx_word' id='word_1_174' title='bbox 210 3891 259 3964; x_wconf 89' lang='lat' dir='ltr'><strong>sit</strong></span> <span class='ocrx_word' id='word_1_175' title='bbox 285 3901 440 3989; x_wconf 84' lang='lat' dir='ltr'><strong>utraque</strong></span> <span class='ocrx_word' id='word_1_176' title='bbox 470 3916 608 3983; x_wconf 82' lang='lat' dir='ltr'><strong>creare,</strong></span> <span class='ocrx_word' id='word_1_177' title='bbox 639 3905 717 3966; x_wconf 87' lang='lat' dir='ltr'><strong>tam</strong></span> <span class='ocrx_word' id='word_1_178' title='bbox 747 3893 907 3966; x_wconf 83' lang='lat' dir='ltr'><strong>maxima</strong></span> <span class='ocrx_word' id='word_1_179' title='bbox 937 3917 1049 3990; x_wconf 84' lang='lat' dir='ltr'><strong>quam</strong></span> <span class='ocrx_word' id='word_1_180' title='bbox 1081 3894 1248 3977; x_wconf 76' lang='lat' dir='ltr'><strong>minima3</strong></span> 
     </span>
     <span class='ocr_line' id='line_1_30' title="bbox 209 4004 1248 4081; baseline 0 -4"><span class='ocrx_word' id='word_1_181' title='bbox 209 4015 249 4077; x_wconf 91' lang='lat' dir='ltr'><strong>et</strong></span> <span class='ocrx_word' id='word_1_182' title='bbox 282 4004 533 4080; x_wconf 84' lang='lat' dir='ltr'><strong>mirandorum</strong></span> <span class='ocrx_word' id='word_1_183' title='bbox 574 4009 771 4081; x_wconf 87' lang='lat' dir='ltr'><strong>effectuum</strong></span> <span class='ocrx_word' id='word_1_184' title='bbox 814 4030 943 4079; x_wconf 84' lang='lat' dir='ltr'><strong>causas</strong></span> <span class='ocrx_word' id='word_1_185' title='bbox 986 4006 1145 4080; x_wconf 90' lang='lat' dir='ltr'><strong>reddere</strong></span> <span class='ocrx_word' id='word_1_186' title='bbox 1178 4007 1248 4080; x_wconf 89' lang='lat' dir='ltr'><strong>siue</strong></span> 
     </span>
     <span class='ocr_line' id='line_1_31' title="bbox 209 4118 1248 4218; baseline 0.002 -27"><span class='ocrx_word' id='word_1_187' title='bbox 209 4118 388 4192; x_wconf 86' lang='lat' dir='ltr'><strong>mirandis</strong></span> <span class='ocrx_word' id='word_1_188' title='bbox 421 4121 698 4218; x_wconf 89' lang='lat' dir='ltr'><strong>hypothesibus,</strong></span> <span class='ocrx_word' id='word_1_189' title='bbox 738 4121 787 4194; x_wconf 91' lang='lat' dir='ltr'><strong>sit</strong></span> <span class='ocrx_word' id='word_1_190' title='bbox 820 4120 1058 4217; x_wconf 89' lang='lat' dir='ltr'><strong>impossihile.</strong></span> <span class='ocrx_word' id='word_1_191' title='bbox 1130 4122 1248 4218; x_wconf 82' lang='lat' dir='ltr'><strong>Hypo</strong></span> 
     </span>
     <span class='ocr_line' id='line_1_32' title="bbox 210 4233 1251 4331; baseline 0.002 -26"><span class='ocrx_word' id='word_1_192' title='bbox 210 4234 343 4306; x_wconf 86' lang='lat' dir='ltr'><strong>thesim</strong></span> <span class='ocrx_word' id='word_1_193' title='bbox 361 4233 563 4329; x_wconf 86' lang='lat' dir='ltr'><strong>legitimam</strong></span> <span class='ocrx_word' id='word_1_194' title='bbox 580 4236 722 4309; x_wconf 83' lang='lat' dir='ltr'><strong>faciunt</strong></span> <span class='ocrx_word' id='word_1_195' title='bbox 743 4235 825 4308; x_wconf 86' lang='lat' dir='ltr'><strong>duae</strong></span> <span class='ocrx_word' id='word_1_196' title='bbox 847 4259 931 4318; x_wconf 87' lang='lat' dir='ltr'><strong>res;</strong></span> <span class='ocrx_word' id='word_1_197' title='bbox 958 4258 1114 4330; x_wconf 84' lang='lat' dir='ltr'><strong>quaram</strong></span> <span class='ocrx_word' id='word_1_198' title='bbox 1137 4235 1251 4331; x_wconf 81' lang='lat' dir='ltr'><strong>prima</strong></span> 
     </span>
     <span class='ocr_line' id='line_1_33' title="bbox 210 4347 1249 4445; baseline 0.002 -26"><span class='ocrx_word' id='word_1_199' title='bbox 210 4358 278 4435; x_wconf 89' lang='lat' dir='ltr'><strong>est,</strong></span> <span class='ocrx_word' id='word_1_200' title='bbox 291 4359 334 4421; x_wconf 89' lang='lat' dir='ltr'><strong>ut</strong></span> <span class='ocrx_word' id='word_1_201' title='bbox 351 4348 400 4422; x_wconf 91' lang='lat' dir='ltr'><strong>sit</strong></span> <span class='ocrx_word' id='word_1_202' title='bbox 417 4349 682 4445; x_wconf 83' lang='lat' dir='ltr'><strong>conceptibilis,</strong></span> <span class='ocrx_word' id='word_1_203' title='bbox 697 4348 735 4422; x_wconf 96' lang='lat' dir='ltr'><strong>id</strong></span> <span class='ocrx_word' id='word_1_204' title='bbox 753 4358 819 4437; x_wconf 88' lang='lat' dir='ltr'><strong>est,</strong></span> <span class='ocrx_word' id='word_1_205' title='bbox 833 4372 908 4421; x_wconf 92' lang='lat' dir='ltr'><strong>non</strong></span> <span class='ocrx_word' id='word_1_206' title='bbox 927 4347 1109 4433; x_wconf 84' lang='lat' dir='ltr'><strong>absurda;</strong></span> <span class='ocrx_word' id='word_1_207' title='bbox 1128 4348 1249 4434; x_wconf 84' lang='lat' dir='ltr'><strong>ultera,</strong></span> 
     </span>
     <span class='ocr_line' id='line_1_34' title="bbox 210 4461 1250 4559; baseline 0.003 -29"><span class='ocrx_word' id='word_1_208' title='bbox 210 4469 252 4531; x_wconf 91' lang='lat' dir='ltr'><strong>ut</strong></span> <span class='ocrx_word' id='word_1_209' title='bbox 269 4461 315 4532; x_wconf 86' lang='lat' dir='ltr'><strong>ab</strong></span> <span class='ocrx_word' id='word_1_210' title='bbox 333 4487 377 4536; x_wconf 84' lang='lat' dir='ltr'><strong>es</strong></span> <span class='ocrx_word' id='word_1_211' title='bbox 395 4485 571 4535; x_wconf 86' lang='lat' dir='ltr'><strong>concessa</strong></span> <span class='ocrx_word' id='word_1_212' title='bbox 587 4462 716 4535; x_wconf 83' lang='lat' dir='ltr'><strong>inferri</strong></span> <span class='ocrx_word' id='word_1_213' title='bbox 733 4463 849 4559; x_wconf 90' lang='lat' dir='ltr'><strong>possit</strong></span> <span class='ocrx_word' id='word_1_214' title='bbox 873 4462 1109 4557; x_wconf 84' lang='lat' dir='ltr'><strong>phaenomeni</strong></span> <span class='ocrx_word' id='word_1_215' title='bbox 1129 4484 1250 4535; x_wconf 85' lang='lat' dir='ltr'><strong>neees-</strong></span> 
     </span>
     <span class='ocr_line' id='line_1_35' title="bbox 212 4571 1249 4672; baseline 0.003 -30"><span class='ocrx_word' id='word_1_216' title='bbox 212 4571 313 4645; x_wconf 87' lang='lat' dir='ltr'><strong>sitss.</strong></span> <span class='ocrx_word' id='word_1_217' title='bbox 366 4575 510 4648; x_wconf 87' lang='lat' dir='ltr'><strong>Harum</strong></span> <span class='ocrx_word' id='word_1_218' title='bbox 528 4575 647 4671; x_wconf 85' lang='lat' dir='ltr'><strong>prima</strong></span> <span class='ocrx_word' id='word_1_219' title='bbox 663 4587 764 4650; x_wconf 81' lang='lat' dir='ltr'><strong>caret</strong></span> <span class='ocrx_word' id='word_1_220' title='bbox 780 4574 994 4672; x_wconf 91' lang='lat' dir='ltr'><strong>hypothesis</strong></span> <span class='ocrx_word' id='word_1_221' title='bbox 1011 4586 1138 4650; x_wconf 84' lang='lat' dir='ltr'><strong>vestra</strong></span> <span class='ocrx_word' id='word_1_222' title='bbox 1148 4606 1159 4660; x_wconf 73' lang='grc' dir='ltr'><strong>ς</strong></span> <span class='ocrx_word' id='word_1_223' title='bbox 1184 4573 1249 4647; x_wconf 90' lang='lat' dir='ltr'><strong>nisi</strong></span> 
     </span>
    </p>
   </div>
   <div class='ocr_carea' id='block_1_3' title="bbox 0 0 1330 5092">
    <p class='ocr_par' dir='ltr' id='par_1_6' title="bbox 0 0 1330 5092">
     <span class='ocr_line' id='line_1_36' title="bbox 0 0 1330 5092; baseline 0 0"><span class='ocrx_word' id='word_1_224' title='bbox 0 0 1330 5092; x_wconf 95' lang='lat' dir='ltr'><strong> </strong></span> 
     </span>
    </p>
   </div>
  </div>
 </body>
</html>
