2618 5092
275 650 330 705 un
349 651 654 704 mauurrunrns
674 650 859 704 crucum.
1018 633 1092 699 363

42 819 262 921 pleatnrque
285 816 504 915 quadratam
534 815 688 901 Auem
714 828 753 891 et
779 815 1007 914 producatur
1028 814 1095 889 ΟΡ
1133 835 1280 878 reor-111·

44 936 88 1011 ad
103 935 172 1010 DC
193 934 236 1007 in
253 957 289 1023 o,
307 943 346 1006 et
368 931 427 1004 cP
444 929 492 1004 ad
510 929 573 1003 BC
592 930 632 1003 in
649 956 686 1026 y,
705 931 847 1027 eritque
864 953 918 1025 oy
935 927 1094 1024 quadra-
1133 904 1276 940 ἢ*

44 1065 132 1138 tum,
150 1057 191 1122 et
211 1046 280 1120 Ho
299 1044 507 1119 differentia
524 1044 623 1117 inter
636 1043 698 1118 Do
715 1057 754 1118 et
768 1044 853 1129 DH,
869 1041 979 1117 idest
996 1041 1095 1113 inter

44 1157 371 1256 semidiagonalem
389 1168 427 1229 et
440 1155 686 1230 semiradium.
720 1157 980 1229 Ductaautem
993 1164 1095 1226 recta

46 1275 123 1364 LN,
140 1283 257 1348 erunt
283 1270 409 1367 anguli
433 1269 544 1357 CLN,
564 1269 667 1365 CPy,
685 1269 789 1366 pce,
808 1269 893 1342 CPo
910 1264 1095 1341 semitecti

47 1387 218 1486 {equalem
269 1382 595 1458 Transibitautem
613 1382 681 1456 LN
699 1406 765 1478 per
785 1383 835 1467 P;
853 1404 967 1478 quare
985 1389 1096 1452 erunt

49 1502 116 1600 ty,
134 1499 212 1597 yC,
231 1497 301 1587 Po,
317 1496 388 1583 co,
412 1495 491 1580 oN,
515 1517 643 1568 omnes
666 1495 765 1568 inter
787 1517 826 1567 se
847 1492 1030 1590 aequales3
1057 1506 1096 1565 et

50 1634 278 1710 unaquaeque
310 1633 437 1683 earum
471 1609 630 1682 semissis
661 1619 773 1682 rectae
804 1608 869 1681 CL
899 1607 976 1679 sive
1008 1605 1096 1693 CM,

50 1727 251 1822 eademque
271 1722 421 1819 aequalis
449 1720 668 1795 differentiae
692 1721 791 1794 inter
818 1720 884 1794 DC
901 1730 940 1794 et
959 1719 1022 1792 Do
1039 1719 1098 1792 vel

53 1840 124 1918 ΟΡ.
178 1839 249 1942 Est
272 1848 397 1910 autem
416 1835 474 1909 Co
501 1835 550 1908 ad
576 1835 642 1907 Ho
659 1847 704 1908 ut
728 1835 794 1909 Dc
810 1834 859 1907 ad
876 1835 950 1922 Do,
967 1833 1027 1907 vel
1057 1845 1099 1905 ut

52 1952 107 2029 Do
121 1951 174 2028 ad
187 1950 277 2038 DH,
303 1949 363 2023 vel
381 1960 422 2022 ut
440 1949 500 2022 ΟΡ
523 1949 573 2022 sd
590 1949 657 2023 Co.
711 1948 895 2024 Quoniam
919 1970 1009 2043 ergo
1036 1947 1101 2019 CL

52 2078 103 2142 cst
117 2063 275 2163 aequalis
293 2060 414 2158 duplae
430 2062 500 2151 co,
518 2063 590 2135 erit
606 2063 667 2136 ΟΡ
679 2062 791 2158 dupla
806 2061 883 2151 Ho,
899 2060 1100 2154 eademque

52 2180 171 2256 media
197 2179 296 2252 inter
319 2177 379 2250 Co
395 2176 478 2274 plus
496 2176 629 2269 oP·(id
646 2187 702 2250 est
726 2176 816 2269 CM)
836 2187 874 2250 et
894 2176 1013 2271 ipsam
1030 2175 1100 2247 Co.

495 2398 659 2452 LEMMA.

99 2516 142 2591 Si
159 2513 306 2589 numeri
329 2514 465 2612 integri
482 2515 667 2611 quotlibet
682 2517 1011 2613 proportionaliter
1035 2519 1103 2592 mi-

52 2640 218 2705 nuantur
233 2629 274 2701 in
291 2627 434 2701 ratione
452 2637 474 2701 2
493 2626 542 2702 ad
574 2635 606 2717 l,
624 2629 807 2702 maximus
832 2631 997 2705 omnium
1021 2656 1107 2706 con·

53 2740 292 2840 sequentibus
318 2740 488 2814 omnibus
522 2763 608 2813 cum
639 2754 830 2839 assumpta
860 2744 1003 2820 unitate
1034 2748 1107 2820 erit

53 2853 220 2952 equalis.
270 2852 439 2949 Exempli
458 2875 582 2942 causa,
607 2854 649 2927 in
664 2855 828 2929 numeris
851 2865 907 2930 16.
922 2865 959 2932 8.
973 2869 1009 2932 4.
1021 2869 1057 2933 2.
1074 2868 1106 2948 l,

54 2976 325 3066 consequentes
342 2989 470 3040 omnes
488 2967 598 3040 rimul
622 2968 761 3064 sumpti
779 2981 866 3043 sunt
888 2979 945 3059 15,
964 2972 1023 3045 cui
1041 2971 1107 3045 ad-

55 3082 135 3158 dita
150 3080 275 3155 unitas
290 3078 381 3154 facit
398 3092 442 3154 ut
465 3077 514 3153 sit
536 3080 690 3176 aequalis
718 3083 879 3156 maximo
903 3091 958 3157 16.
1011 3084 1107 3156 ltem

55 3196 93 3271 in
111 3195 172 3269 his
186 3198 224 3267 8.
237 3205 275 3268 «t.
287 3201 323 3267 2.
341 3201 372 3280 l,
385 3204 653 3288 consequentes
671 3192 780 3266 simul
798 3196 935 3291 sumpti
954 3207 1042 3268 sunt
1059 3200 1105 3277 7:

57 3332 168 3407 quem
185 3328 381 3380 numerum
398 3303 527 3378 additu
542 3305 666 3379 unitas
689 3305 779 3380 facit
802 3307 980 3404 aequalem
1005 3330 1108 3381 max·

57 3422 133 3495 imo
151 3427 189 3494 8.
242 3417 355 3493 Quod
372 3417 404 3491 si
420 3418 566 3491 numeri
583 3431 820 3516 quotcunque
838 3422 1053 3496 minuantur
1069 3423 1109 3496 in

59 3534 205 3609 ratione
229 3540 253 3604 3
278 3529 328 3604 ad
361 3539 390 3618 l,
426 3542 516 3604 tunc
545 3546 814 3629 consequentes
844 3558 972 3609 omnes
1000 3535 1109 3609 simul

59 3647 199 3743 sumpti
217 3668 302 3718 cum
320 3641 474 3716 dimidio
488 3644 643 3735 minimi,
661 3646 820 3742 oequales
834 3660 944 3721 erunt
957 3648 1111 3722 dimidio

62 3758 237 3844 maximi;
263 3756 359 3830 utin
376 3755 434 3828 his
453 3760 617 3831 numeris
636 3765 697 3841 27.
711 3767 747 3830 9.
761 3769 795 3832 3.
817 3770 848 3849 l,
862 3761 1042 3835 maximus
1061 3769 1109 3844 27

63 3872 198 3972 duplus
215 3883 273 3945 est
290 3877 445 3943 9÷3÷1
476 3869 603 3943 addito
621 3872 654 3961 l,
671 3872 734 3968 qui
761 3896 936 3948 numerus
953 3888 1010 3949 est
1033 3885 1110 3965 134,

63 3985 224 4061 semissis
242 3983 417 4067 meximi;
444 3996 483 4055 et
507 3984 546 4055 in
568 3984 626 4058 his
643 3993 762 4068 27÷9
775 3995 832 4060 ÷3
856 3999 895 4061 et
919 3987 1046 4061 addito
1062 3985 1109 4078 -ξ,

65 4108 332 4195 consequentes
348 4119 424 4169 una
441 4093 572 4188 cum-{-
591 4110 679 4171 snut
695 4100 857 4174 semissis
881 4100 1031 4174 maximi
1048 4106 1110 4182 27.

66 4211 128 4286 Sin
146 4210 293 4285 numeri
311 4208 489 4307 quotlibet
508 4213 832 4306 proportionaliter
849 4215 1060 4287 minuantur
1072 4214 1111 4286 in

67 4324 210 4398 ratione
226 4333 250 4397 4
269 4321 318 4397 ad
336 4333 366 4411 l,
385 4337 654 4419 consequentes
671 4327 779 4401 simul
797 4351 924 4400 omues
941 4350 1112 4400 unacum

68 4438 177 4513 tertia
192 4449 300 4534 parte
317 4435 459 4508 minimi
477 4451 585 4510 erunt
602 4440 713 4512 tertia
730 4464 814 4536 pars
826 4440 996 4513 maximi:
1016 4455 1057 4512 ut
1074 4441 1112 4513 in

68 4549 123 4627 his
138 4551 304 4627 numeris
327 4558 436 4624 16÷4
448 4560 501 4625 ÷1
525 4551 651 4627 addito
669 4559 702 4642 ᾗ,
721 4564 987 4648 consequentes
1005 4553 1113 4627 simul
