2618 5092
295 597 617 652 Mernnunrrcn
638 596 881 650 nomene.
1083 578 1107 658 7

102 766 151 841 A.
178 768 289 842 Bene
319 776 392 840 est.
441 765 525 838 Hoc
555 787 645 860 ergo
674 762 779 846 vult;
816 760 937 835 edicta
965 782 1107 857 regum,
1140 796 1281 840 »rumoni

58 881 203 977 quando
220 879 380 977 publica
395 878 500 966 finnt,
525 876 704 972 inscripta
724 898 815 965 esse,
840 873 1026 965 nimirum,
1053 875 1108 973 ip·
1148 878 1281 981 „2-

60 1019 182 1068 sorum
198 992 358 1066 nomine
374 1015 513 1088 regum.
565 991 614 1064 Et
630 1015 758 1065 verum
775 1002 843 1064 est.

107 1107 157 1180 B.
184 1106 260 1196 Ab,
279 1128 404 1201 neque
424 1105 476 1178 sic
493 1104 776 1201 intelligendum
792 1116 862 1194 est,
884 1103 950 1177 sed
973 1103 1109 1178 solum-

62 1219 171 1293 modo
189 1219 238 1291 de
255 1217 374 1291 libris.

110 1332 161 1405 A.
189 1331 230 1404 Si
258 1354 300 1404 se
327 1329 380 1403 itu
403 1328 559 1425 intelligi
582 1328 709 1416 voluit,
738 1353 849 1425 qnam
872 1330 979 1404 facile
996 1332 1110 1428 scrip-

64 1445 151 1518 sisse
164 1444 302 1540 potuit,
319 1467 399 1517 enm
411 1440 500 1515 libri
513 1441 574 1539 qui
587 1441 625 1515 in
632 1441 822 1541 publicum
829 1443 1028 1542 prodeunt,
1042 1443 1110 1538 dc.

69 1560 156 1650 (uon
168 1555 377 1656 prodeant,
401 1567 444 1629 ut
465 1554 527 1628 hic
547 1555 828 1652 scriptumest).
878 1556 1017 1630 Verum
1034 1582 1112 1632 non

67 1672 150 1744 sutis
177 1669 352 1764 intelligo
369 1668 457 1765 quid
484 1668 553 1742 sibi
578 1667 638 1740 hic
658 1667 737 1742 vult
758 1693 831 1742 vox
855 1693 899 1743 ea
916 1670 1111 1761 nonnullis,

69 1808 160 1880 quae,
178 1782 346 1857 solitarie
363 1782 484 1879 posits
506 1782 585 1854 sine
603 1782 844 1869 substantivo,
866 1807 1010 1881 semper
1027 1786 1112 1860 sub-

68 1899 231 1972 auditum
258 1896 371 1969 habet
395 1919 525 1968 vocem
548 1893 669 1968 rebus.
723 1895 866 1970 Quibus
890 1921 980 1993 ergo
1002 1898 1112 1973 rebus

69 2011 217 2085 inscribi
235 2010 356 2083 solere
372 2009 464 2083 dicit
480 2008 619 2082 libros?

115 2123 164 2197 B.
194 2122 354 2211 Quibus,
384 2121 455 2195 nisi
484 2119 723 2194 nominibus?
754 2134 797 2194 ut
831 2120 932 2218 (post
961 2123 1115 2220 quinque

71 2248 217 2310 autres
235 2235 380 2326 versus)
407 2257 453 2307 ex
468 2235 526 2307 his
542 2233 676 2321 verbis,
697 2242 822 2306 nestra
840 2233 951 2307 libuit
967 2236 1115 2310 nomino

71 2347 244 2446 seligere,
274 2345 403 2443 quibus
433 2347 494 2443 qni
522 2346 687 2443 seqnitur
717 2356 917 2420 tractatum
944 2347 1115 2425 daunino

72 2458 352 2548 inscribendum,
371 2459 522 2533 cuilibet
540 2459 774 2532 manifestum
791 2483 869 2533 esse
886 2473 1021 2557 potest.

117 2574 168 2647 A.
194 2575 248 2646 At
264 2573 395 2646 melius
412 2573 554 2661 fnisset,
567 2572 598 2645 si
614 2571 862 2669 praecedentie
879 2577 1116 2671 sequentibus

73 2687 322 2782 praetulissent
338 2685 460 2782 potius
483 2685 615 2773 lucem,
634 2709 745 2782 quam
768 2687 990 2762 debuissent.
1043 2690 1117 2766 Sed

73 2798 306 2896 pergo—Id
332 2798 421 2872 milri
446 2798 603 2872 monime
627 2798 743 2871 nisum
761 2809 819 2872 est
836 2799 1057 2894 incumbere,
1076 2815 1118 2879 ut

67 2911 288 3006 justissimis
314 2911 410 2984 notis
439 2911 718 3009 relinquentem
741 2911 780 2984 in
797 2923 939 3003 ineest,
957 2916 1117 3014 satisfn

74 3022 320 3098 ciam-Suis
350 3022 423 3114 hic,
445 3047 513 3120 pro
542 3021 656 3113 illius,
683 3047 815 3120 nempe
842 3025 888 3099 D.
908 3027 957 3098 H.
978 3026 1115 3120 Savilii,

74 3160 144 3211 non
161 3149 265 3210 recte
283 3136 412 3210 utitur.
465 3136 539 3209 Sed
563 3136 661 3209 nolle
684 3148 720 3209 te
736 3139 1015 3232 grammaticum
1044 3141 1117 3216 hoc

74 3248 151 3324 loco
176 3249 381 3323 examinari
410 3249 546 3322 oblitus
576 3249 807 3322 erun-En
835 3275 919 3348 quo,
955 3252 1115 3350 inquam,

74 3361 158 3454 loec,
176 3362 216 3435 id
235 3372 304 3452 est,
323 3361 535 3458 symbolica,
553 3361 770 3436 introducta
788 3373 847 3436 est
871 3363 994 3456 Vietoe,
1013 3365 1116 3466 Oug-

75 3475 208 3567 thredi,
244 3474 453 3566 Horriotti,
484 3474 648 3548 Curtesii
681 3500 764 3574 ope,
798 3501 907 3574 qnam
946 3479 1116 3578 ingentes

64 3589 208 3684 fecerit
228 3587 429 3687 prefectus
456 3587 644 3662 Matnesn
674 3587 858 3678 uniuerso,
883 3615 986 3664 nemo
1015 3592 1116 3668 hisce

75 3701 183 3775 rebus
212 3700 275 3774 nel
300 3700 433 3775 leuiter
467 3700 693 3774 exercitatus
724 3700 903 3799 ignorare
924 3706 1116 3802 possit,-

76 3816 197 3889 Audin
212 3814 226 3887 l

122 3927 169 4002 B.
196 3927 332 4002 Audio.

122 4042 168 4115 A.
197 4043 254 4115 Ne
269 4042 340 4137 ipsi
357 4041 504 4137 quidem
532 4040 724 4137 analyticae
742 4065 808 4137 per
824 4055 1026 4138 potestates
1048 4046 1113 4119 ad-

78 4157 181 4229 scribi
199 4168 365 4252 possunt,
384 4180 467 4251 quae
484 4155 545 4228 ille
559 4154 619 4227 hic
637 4155 787 4228 ascribit
804 4157 977 4252 symbolis
992 4191 1000 4243 ;
1028 4182 1113 4231 nam

81 4291 303 4365 quaecunque
315 4269 473 4342 inveniri
484 4281 637 4364 possunt
654 4293 719 4364 per
737 4270 902 4365 symbolo
918 4270 987 4343 istu
1004 4295 1111 4362 nove,

80 4378 228 4455 inveniri
246 4382 356 4455 etium
368 4383 573 4478 potuissent
590 4406 655 4477 per
667 4382 918 4478 antiquissima
936 4383 1112 4480 symbola,

82 4493 245 4570 nimirum
263 4495 385 4569 verbe.
437 4495 590 4584 Deinde,
609 4495 758 4591 quinam
777 4507 862 4571 sunt
879 4497 1046 4593 ingentes
1058 4499 1113 4574 illi
