2640 5092
335 653 616 707 rnoannusrs
635 653 828 707 snrsrca.
1032 635 1105 716 357

104 815 153 891 B.
182 817 223 892 Si
251 829 351 892 terra
372 821 493 893 omnis
518 820 566 893 sit
589 819 754 914 ejusdem
777 819 936 916 generis,
958 821 1024 894 fiet
1048 843 1104 894 re·
1147 845 1216 887 cun.
1232 846 1265 887 vr

51 927 189 1006 fractio
206 954 333 1005 versus
349 931 703 1029 perpendicularem.
760 932 858 1006 Nam
875 933 988 1006 etiam
1013 943 1103 1006 tunc
1116 915 1267 1030 RK„

51 1053 178 1117 motus
208 1044 403 1140 parallelus
433 1045 471 1118 in
500 1045 620 1141 primo
648 1045 817 1141 ingressu
845 1069 868 1119 a
893 1045 1103 1119 resistentia
1114 1035 1260 1094 “mm

53 1155 322 1231 debilitabitur.

105 1271 156 1343 A.
185 1271 295 1346 Unde
311 1273 355 1345 fit
377 1284 421 1344 nt
436 1271 523 1368 pila,
535 1269 566 1344 si
583 1270 621 1343 in
638 1270 792 1344 fluvium
809 1270 980 1345 mittatur
996 1269 1102 1344 valde

51 1381 217 1479 oblique,
230 1396 484 1482 penetretqne,
498 1384 747 1481 repercutitur
765 1396 889 1457 tamen
906 1385 945 1456 in
958 1384 1102 1458 aerem?

102 1494 152 1570 B.
181 1496 343 1572 Quando
365 1498 442 1595 pila
462 1497 569 1571 valde
596 1497 743 1593 oblique
770 1497 966 1587 emittitur,
985 1521 1101 1594 qnan-

51 1632 167 1706 qnam
183 1620 307 1685 motus
328 1610 433 1685 velox
459 1609 517 1699 sit,
539 1632 706 1683 accessus
736 1622 862 1683 tamen
889 1609 938 1683 ad
968 1632 1102 1706 aquam

50 1721 228 1797 deorsum
258 1722 386 1797 tardus
413 1735 481 1796 est.
533 1723 582 1796 Et
615 1746 700 1795 eum
729 1723 940 1807 accesserit,
969 1747 1101 1820 aquarn

49 1846 141 1909 ante
154 1858 195 1909 se
206 1836 361 1909 multam
373 1835 478 1933 pellit
491 1836 665 1932 cogitque
678 1857 892 1930 assurgere;
911 1860 995 1932 quae
1006 1860 1103 1932 aqua

49 1948 218 2045 pondere
236 1948 386 2047 proprio
399 1948 525 2023 statim
539 1948 712 2021 deorsum
729 1948 867 2033 tendit;
885 1948 984 2022 unde
1001 1950 1045 2022 fit
1058 1962 1101 2022 ut

50 2084 151 2158 aqna
177 2062 306 2136 subter
331 2062 449 2158 ipsam
470 2061 585 2159 pilam
608 2060 797 2150 ascendat,
815 2061 925 2159 idque
948 2085 1033 2134 cum
1056 2084 1101 2136 ea

50 2173 88 2246 vi
106 2198 191 2271 quae
208 2175 298 2249 satis
321 2175 369 2249 sit
392 2174 607 2248 descensum
624 2175 710 2271 pilae
732 2175 770 2248 in
796 2199 892 2270 aqua
914 2199 1099 2273 superare,

51 2297 90 2359 et
107 2309 253 2360 sursum
271 2286 419 2384 pellere,
433 2311 478 2360 co
496 2287 606 2361 modo
618 2311 691 2385 quo
707 2288 788 2360 fieri
805 2289 898 2363 solet
915 2289 955 2362 in
972 2288 1100 2362 reflec-

51 2399 166 2473 tione.

101 2513 152 2586 A.
180 2511 266 2586 Quo
293 2523 397 2585 motu
427 2512 619 2606 (quoniam
647 2513 799 2587 effectus
826 2536 954 2587 omnes
982 2514 1100 2587 motui

49 2625 221 2715 ascribis)
235 2624 375 2698 ferrum
392 2623 439 2698 ad
456 2648 496 2697 se
514 2625 627 2698 trahit
645 2626 824 2721 magnes?

101 2739 154 2811 B.
181 2737 321 2811 Eodem
333 2749 435 2812 motu
446 2761 556 2834 quem
570 2741 827 2835 supposuimus
838 2751 924 2812 ante
938 2741 975 2812 in
987 2752 1097 2814 terra.

51 2851 278 2948 Quanquam
288 2862 412 2924 autem
422 2863 546 2948 partes
559 2852 721 2925 minimae
732 2864 976 2926 terraeomnes
987 2853 1099 2927 talem

50 2966 214 3041 babeant
230 2978 385 3050 motum,
402 2989 477 3039 non
496 2978 620 3039 tamen
638 2967 868 3062 suppositum
894 2978 949 3038 est
972 2989 1097 3038 earum

50 3080 362 3176 reciprocationes
379 3080 538 3175 aequales
555 3103 646 3167 esse,
665 3103 785 3174 neque
807 3078 936 3151 iisdem
956 3090 1098 3174 tempo-

49 3194 154 3267 ribus
176 3190 317 3289 perfici,
338 3214 457 3287 neque
480 3215 591 3288 super
614 3191 709 3288 polis
732 3190 874 3278 iisdem,
893 3202 957 3262 aut
979 3189 1099 3285 paral·

50 3305 144 3380 lelis.
180 3304 277 3377 Nam
292 3304 323 3376 si
341 3303 395 3377 ita
411 3315 520 3392 esset,
534 3327 691 3401 corpora
707 3304 833 3377 omnia
849 3302 1042 3398 aequaliter
1058 3326 1097 3376 se

49 3431 183 3492 mutuo
207 3416 447 3490 attraherent.
499 3416 597 3490 Nam
628 3439 827 3489 consensus
853 3414 938 3487 talis
965 3426 1098 3503 motus,

49 3533 132 3619 viae,
150 3529 366 3616 velocitatis,
381 3540 419 3602 et
435 3528 616 3625 polorum,
633 3529 714 3602 fieri
731 3553 806 3601 non
823 3539 946 3625 potest
960 3528 1098 3623 absque

50 3643 314 3741 conjunctione
331 3642 495 3739 ipsorum
512 3641 549 3714 in
567 3653 695 3737 centro
712 3654 834 3715 motus
852 3665 978 3714 eorum
997 3666 1097 3714 com-

49 3758 168 3832 muni.

102 3872 234 3967 Itaque
252 3870 283 3942 si
303 3867 392 3942 ferri
414 3879 549 3941 natura
571 3890 656 3940 cnm
681 3878 813 3939 natura
838 3867 1021 3963 magnetis
1045 3866 1098 3938 ita

50 3984 264 4071 conveniat,
281 3992 325 4055 nt
340 3993 482 4055 motum
500 3980 656 4054 similem
676 3983 755 4077 ejus
779 3981 843 4076 qui
861 3992 917 4053 est
940 3981 978 4052 in
997 4002 1097 4073 mag-

50 4110 152 4186 nete,
179 4095 289 4170 facile
319 4095 485 4191 recipiat,
518 4119 562 4168 eo
592 4092 703 4167 modo
734 4117 807 4190 quo
840 4093 929 4188 lyrae
959 4091 1099 4164 chorda

50 4212 187 4308 recipit
212 4220 353 4283 motum
374 4208 527 4281 alterius
544 4206 694 4280 chordae
711 4206 881 4280 similiter
897 4218 1033 4279 tensae:
1059 4203 1098 4277 id

51 4325 154 4423 qnod
170 4321 367 4396 verisimile
392 4334 459 4407 est,
478 4321 564 4417 quia
590 4343 742 4416 magnes
765 4321 905 4415 species
928 4316 1098 4414 quaedam

51 4452 110 4513 est
127 4440 280 4512 minerae
296 4436 446 4509 ferrese:
474 4458 624 4508 neccsse
642 4447 699 4507 est
722 4445 808 4530 post
831 4443 974 4505 motum
997 4454 1099 4526 mag·

51 4553 149 4627 netis
164 4563 367 4649 receptum,
386 4563 428 4623 ut
444 4548 582 4622 ferrum
600 4547 649 4622 ad
661 4557 883 4643 magnetem,
896 4545 967 4619 nisi
984 4545 1099 4641 impe·
