<?xml version="1.0" encoding="UTF-8"?>
<!DOCTYPE html PUBLIC "-//W3C//DTD XHTML 1.0 Transitional//EN"
    "http://www.w3.org/TR/xhtml1/DTD/xhtml1-transitional.dtd">
<html xmlns="http://www.w3.org/1999/xhtml" xml:lang="en" lang="en">
 <head>
  <title>
</title>
<meta http-equiv="Content-Type" content="text/html;charset=utf-8" />
  <meta name='ocr-system' content='tesseract 3.04.00' />
  <meta name='ocr-capabilities' content='ocr_page ocr_carea ocr_par ocr_line ocrx_word'/>
</head>
<body>
  <div class='ocr_page' id='page_1' title='image "./thomhobbesmalme03hobbgoog_0405.png"; bbox 0 0 2618 5092; ppageno 0'>
   <div class='ocr_carea' id='block_1_1' title="bbox 215 694 1118 762">
    <p class='ocr_par' dir='ltr' id='par_1_1' title="bbox 215 694 1118 762">
     <span class='ocr_line' id='line_1_1' title="bbox 215 694 1118 762; baseline -0.001 -1"><span class='ocrx_word' id='word_1_1' title='bbox 215 694 288 762; x_wconf 84' lang='lat'>390</span> <span class='ocrx_word' id='word_1_2' title='bbox 350 707 406 759; x_wconf 84' lang='lat' dir='ltr'>uu</span> <span class='ocrx_word' id='word_1_3' title='bbox 426 705 657 761; x_wconf 69' lang='lat' dir='ltr'>uniuersus</span> <span class='ocrx_word' id='word_1_4' title='bbox 677 706 730 761; x_wconf 82' lang='lat' dir='ltr'>nr·</span> <span class='ocrx_word' id='word_1_5' title='bbox 746 706 1118 761; x_wconf 77' lang='lat' dir='ltr'>ramocrrmrrourr</span> 
     </span>
    </p>
   </div>
   <div class='ocr_carea' id='block_1_2' title="bbox 213 872 1252 973">
    <p class='ocr_par' dir='ltr' id='par_1_2' title="bbox 213 872 1252 973">
     <span class='ocr_line' id='line_1_2' title="bbox 213 872 1252 973; baseline -0.002 -24"><span class='ocrx_word' id='word_1_6' title='bbox 213 875 305 950; x_wconf 84' lang='lat' dir='ltr'><strong>nihil</strong></span> <span class='ocrx_word' id='word_1_7' title='bbox 321 875 421 973; x_wconf 93' lang='lat' dir='ltr'>quod</span> <span class='ocrx_word' id='word_1_8' title='bbox 446 876 494 949; x_wconf 89' lang='lat' dir='ltr'>sit</span> <span class='ocrx_word' id='word_1_9' title='bbox 510 875 655 964; x_wconf 87' lang='lat' dir='ltr'>falsum,</span> <span class='ocrx_word' id='word_1_10' title='bbox 671 898 801 949; x_wconf 85' lang='lat' dir='ltr'>verum</span> <span class='ocrx_word' id='word_1_11' title='bbox 817 874 931 949; x_wconf 86' lang='lat' dir='ltr'>etiam</span> <span class='ocrx_word' id='word_1_12' title='bbox 947 874 1043 950; x_wconf 84' lang='lat' dir='ltr'>nihil</span> <span class='ocrx_word' id='word_1_13' title='bbox 1060 872 1164 973; x_wconf 88' lang='lat' dir='ltr'>quod</span> <span class='ocrx_word' id='word_1_14' title='bbox 1179 885 1252 947; x_wconf 88' lang='lat' dir='ltr'>tan·</span> 
     </span>
    </p>
   </div>
   <div class='ocr_carea' id='block_1_3' title="bbox 103 986 1259 4343">
    <p class='ocr_par' dir='ltr' id='par_1_3' title="bbox 213 986 1252 1176">
     <span class='ocr_line' id='line_1_3' title="bbox 213 986 1252 1086; baseline -0.001 -24"><span class='ocrx_word' id='word_1_15' title='bbox 213 1001 292 1062; x_wconf 90' lang='lat' dir='ltr'>tum</span> <span class='ocrx_word' id='word_1_16' title='bbox 307 989 496 1086; x_wconf 84' lang='lat' dir='ltr'>probabile</span> <span class='ocrx_word' id='word_1_17' title='bbox 511 989 648 1079; x_wconf 81' lang='lat' dir='ltr'>existit,</span> <span class='ocrx_word' id='word_1_18' title='bbox 660 986 753 1061; x_wconf 92' lang='lat' dir='ltr'>nihil</span> <span class='ocrx_word' id='word_1_19' title='bbox 766 987 925 1085; x_wconf 90' lang='lat' dir='ltr'>denique</span> <span class='ocrx_word' id='word_1_20' title='bbox 935 986 1152 1077; x_wconf 75' lang='lat' dir='ltr'>admittant,</span> <span class='ocrx_word' id='word_1_21' title='bbox 1163 986 1252 1085; x_wconf 94' lang='lat' dir='ltr'>quod</span> 
     </span>
     <span class='ocr_line' id='line_1_4' title="bbox 213 1099 1189 1176; baseline 0 -1"><span class='ocrx_word' id='word_1_22' title='bbox 213 1102 426 1176; x_wconf 84' lang='lat' dir='ltr'>certissimis</span> <span class='ocrx_word' id='word_1_23' title='bbox 442 1099 818 1175; x_wconf 81' lang='lat' dir='ltr'>demonstrationibus</span> <span class='ocrx_word' id='word_1_24' title='bbox 833 1123 910 1176; x_wconf 91' lang='lat' dir='ltr'>uon</span> <span class='ocrx_word' id='word_1_25' title='bbox 928 1100 1189 1175; x_wconf 83' lang='lat' dir='ltr'>confirmant”</span> 
     </span>
    </p>

    <p class='ocr_par' dir='ltr' id='par_1_4' title="bbox 213 1212 1256 2214">
     <span class='ocr_line' id='line_1_5' title="bbox 265 1212 1253 1311; baseline -0.002 -21"><span class='ocrx_word' id='word_1_26' title='bbox 265 1216 409 1290; x_wconf 77' lang='lat' dir='ltr'>Quibus</span> <span class='ocrx_word' id='word_1_27' title='bbox 426 1216 549 1289; x_wconf 85' lang='lat' dir='ltr'>verbis</span> <span class='ocrx_word' id='word_1_28' title='bbox 568 1214 672 1311; x_wconf 89' lang='lat' dir='ltr'>(quia</span> <span class='ocrx_word' id='word_1_29' title='bbox 686 1212 821 1304; x_wconf 76' lang='lat' dir='ltr'>reim,</span> <span class='ocrx_word' id='word_1_30' title='bbox 836 1236 914 1289; x_wconf 90' lang='lat' dir='ltr'>non</span> <span class='ocrx_word' id='word_1_31' title='bbox 929 1212 1096 1289; x_wconf 70' lang='lat' dir='ltr'>scientia</span> <span class='ocrx_word' id='word_1_32' title='bbox 1111 1214 1253 1289; x_wconf 80' lang='lat' dir='ltr'>demon</span> 
     </span>
     <span class='ocr_line' id='line_1_6' title="bbox 214 1324 1252 1424; baseline -0.001 -22"><span class='ocrx_word' id='word_1_33' title='bbox 214 1330 324 1424; x_wconf 87' lang='lat' dir='ltr'>strat)</span> <span class='ocrx_word' id='word_1_34' title='bbox 362 1352 438 1402; x_wconf 90' lang='lat' dir='ltr'>non</span> <span class='ocrx_word' id='word_1_35' title='bbox 471 1339 588 1402; x_wconf 89' lang='lat' dir='ltr'>artem</span> <span class='ocrx_word' id='word_1_36' title='bbox 622 1328 753 1424; x_wconf 80' lang='lat' dir='ltr'>ipsam,</span> <span class='ocrx_word' id='word_1_37' title='bbox 787 1324 854 1401; x_wconf 85' lang='lat' dir='ltr'>scd</span> <span class='ocrx_word' id='word_1_38' title='bbox 885 1326 1090 1423; x_wconf 83' lang='lat' dir='ltr'>magistros</span> <span class='ocrx_word' id='word_1_39' title='bbox 1123 1324 1252 1401; x_wconf 83' lang='lat' dir='ltr'>laudat.</span> 
     </span>
     <span class='ocr_line' id='line_1_7' title="bbox 215 1440 1254 1538; baseline -0.002 -23"><span class='ocrx_word' id='word_1_40' title='bbox 215 1441 410 1515; x_wconf 90' lang='lat' dir='ltr'>Certitudo</span> <span class='ocrx_word' id='word_1_41' title='bbox 428 1440 666 1515; x_wconf 85' lang='lat' dir='ltr'>scientiarum</span> <span class='ocrx_word' id='word_1_42' title='bbox 683 1440 848 1515; x_wconf 90' lang='lat' dir='ltr'>omnium</span> <span class='ocrx_word' id='word_1_43' title='bbox 865 1440 1020 1537; x_wconf 79' lang='lat' dir='ltr'>aequalis</span> <span class='ocrx_word' id='word_1_44' title='bbox 1037 1452 1110 1531; x_wconf 84' lang='lat' dir='ltr'>est,</span> <span class='ocrx_word' id='word_1_45' title='bbox 1126 1440 1254 1538; x_wconf 88' lang='lat' dir='ltr'>alioqui</span> 
     </span>
     <span class='ocr_line' id='line_1_8' title="bbox 214 1553 1255 1651; baseline 0 -24"><span class='ocrx_word' id='word_1_46' title='bbox 214 1554 313 1627; x_wconf 88' lang='lat' dir='ltr'>enim</span> <span class='ocrx_word' id='word_1_47' title='bbox 331 1553 495 1628; x_wconf 86' lang='lat' dir='ltr'>scientiae</span> <span class='ocrx_word' id='word_1_48' title='bbox 512 1577 587 1628; x_wconf 89' lang='lat' dir='ltr'>non</span> <span class='ocrx_word' id='word_1_49' title='bbox 599 1564 746 1629; x_wconf 77' lang='lat' dir='ltr'>essentr</span> <span class='ocrx_word' id='word_1_50' title='bbox 771 1578 857 1629; x_wconf 89' lang='lat' dir='ltr'>cum</span> <span class='ocrx_word' id='word_1_51' title='bbox 873 1553 976 1627; x_wconf 78' lang='lat' dir='ltr'>scire</span> <span class='ocrx_word' id='word_1_52' title='bbox 991 1577 1072 1629; x_wconf 88' lang='lat' dir='ltr'>nou</span> <span class='ocrx_word' id='word_1_53' title='bbox 1088 1554 1255 1651; x_wconf 86' lang='lat' dir='ltr'>suscipiat</span> 
     </span>
     <span class='ocr_line' id='line_1_9' title="bbox 214 1663 1255 1762; baseline -0.001 -22"><span class='ocrx_word' id='word_1_54' title='bbox 214 1666 332 1762; x_wconf 85' lang='lat' dir='ltr'>magis</span> <span class='ocrx_word' id='word_1_55' title='bbox 349 1677 387 1739; x_wconf 87' lang='lat' dir='ltr'>et</span> <span class='ocrx_word' id='word_1_56' title='bbox 411 1666 545 1739; x_wconf 86' lang='lat' dir='ltr'>minus.</span> <span class='ocrx_word' id='word_1_57' title='bbox 596 1665 763 1762; x_wconf 82' lang='lat' dir='ltr'>Physica,</span> <span class='ocrx_word' id='word_1_58' title='bbox 780 1663 914 1755; x_wconf 86' lang='lat' dir='ltr'>ethica,</span> <span class='ocrx_word' id='word_1_59' title='bbox 930 1664 1101 1761; x_wconf 91' lang='lat' dir='ltr'>politica,</span> <span class='ocrx_word' id='word_1_60' title='bbox 1119 1666 1153 1740; x_wconf 91' lang='lat' dir='ltr'>si</span> <span class='ocrx_word' id='word_1_61' title='bbox 1171 1666 1255 1741; x_wconf 88' lang='lat' dir='ltr'>bene</span> 
     </span>
     <span class='ocr_line' id='line_1_10' title="bbox 215 1778 1256 1877; baseline 0.001 -24"><span class='ocrx_word' id='word_1_62' title='bbox 215 1779 476 1853; x_wconf 74' lang='lat' dir='ltr'>demonstratae</span> <span class='ocrx_word' id='word_1_63' title='bbox 493 1791 627 1869; x_wconf 88' lang='lat' dir='ltr'>essent,</span> <span class='ocrx_word' id='word_1_64' title='bbox 645 1801 720 1852; x_wconf 92' lang='lat' dir='ltr'>non</span> <span class='ocrx_word' id='word_1_65' title='bbox 736 1778 860 1852; x_wconf 88' lang='lat' dir='ltr'>minus</span> <span class='ocrx_word' id='word_1_66' title='bbox 877 1789 992 1853; x_wconf 83' lang='lat' dir='ltr'>certoe</span> <span class='ocrx_word' id='word_1_67' title='bbox 1012 1790 1141 1854; x_wconf 84' lang='lat' dir='ltr'>essent</span> <span class='ocrx_word' id='word_1_68' title='bbox 1156 1802 1256 1877; x_wconf 88' lang='lat' dir='ltr'>quam</span> 
     </span>
     <span class='ocr_line' id='line_1_11' title="bbox 213 1890 1256 1990; baseline 0 -25"><span class='ocrx_word' id='word_1_69' title='bbox 213 1891 460 1990; x_wconf 89' lang='lat' dir='ltr'>pronunciata</span> <span class='ocrx_word' id='word_1_70' title='bbox 476 1891 759 1965; x_wconf 75' lang='lat' dir='ltr'>mathematicat</span> <span class='ocrx_word' id='word_1_71' title='bbox 785 1892 883 1966; x_wconf 88' lang='lat' dir='ltr'>sicut</span> <span class='ocrx_word' id='word_1_72' title='bbox 904 1914 976 1965; x_wconf 87' lang='lat' dir='ltr'>uec</span> <span class='ocrx_word' id='word_1_73' title='bbox 999 1890 1256 1965; x_wconf 83' lang='lat' dir='ltr'>mathematica</span> 
     </span>
     <span class='ocr_line' id='line_1_12' title="bbox 215 2002 1256 2096; baseline 0.002 -18"><span class='ocrx_word' id='word_1_74' title='bbox 215 2005 378 2079; x_wconf 87' lang='lat' dir='ltr'>scientiis</span> <span class='ocrx_word' id='word_1_75' title='bbox 395 2005 476 2078; x_wconf 90' lang='lat' dir='ltr'>aliis</span> <span class='ocrx_word' id='word_1_76' title='bbox 489 2005 625 2079; x_wconf 88' lang='lat' dir='ltr'>certior</span> <span class='ocrx_word' id='word_1_77' title='bbox 636 2017 746 2096; x_wconf 87' lang='lat' dir='ltr'>esset,</span> <span class='ocrx_word' id='word_1_78' title='bbox 758 2004 831 2079; x_wconf 90' lang='lat' dir='ltr'>nisi</span> <span class='ocrx_word' id='word_1_79' title='bbox 847 2014 950 2079; x_wconf 90' lang='lat' dir='ltr'>recte</span> <span class='ocrx_word' id='word_1_80' title='bbox 963 2002 1256 2079; x_wconf 68' lang='lat' dir='ltr'>demonstrarem</span> 
     </span>
     <span class='ocr_line' id='line_1_13' title="bbox 215 2117 685 2214; baseline -0.002 -22"><span class='ocrx_word' id='word_1_81' title='bbox 215 2131 278 2192; x_wconf 89' lang='lat' dir='ltr'>tur</span> <span class='ocrx_word' id='word_1_82' title='bbox 294 2142 339 2192; x_wconf 90' lang='lat' dir='ltr'>ea</span> <span class='ocrx_word' id='word_1_83' title='bbox 355 2141 439 2214; x_wconf 87' lang='lat' dir='ltr'>quae</span> <span class='ocrx_word' id='word_1_84' title='bbox 455 2117 685 2213; x_wconf 89' lang='lat' dir='ltr'>pronuntiat.</span> 
     </span>
    </p>

    <p class='ocr_par' dir='ltr' id='par_1_5' title="bbox 215 2228 1258 2656">
     <span class='ocr_line' id='line_1_14' title="bbox 266 2228 1258 2327; baseline 0.002 -23"><span class='ocrx_word' id='word_1_85' title='bbox 266 2231 398 2326; x_wconf 90' lang='lat' dir='ltr'>ltaque</span> <span class='ocrx_word' id='word_1_86' title='bbox 414 2254 481 2327; x_wconf 90' lang='lat' dir='ltr'>per</span> <span class='ocrx_word' id='word_1_87' title='bbox 497 2230 595 2304; x_wconf 92' lang='lat' dir='ltr'>hanc</span> <span class='ocrx_word' id='word_1_88' title='bbox 612 2228 807 2327; x_wconf 86' lang='lat' dir='ltr'>epistolam</span> <span class='ocrx_word' id='word_1_89' title='bbox 823 2228 894 2303; x_wconf 91' lang='lat' dir='ltr'>hoc</span> <span class='ocrx_word' id='word_1_90' title='bbox 910 2252 997 2325; x_wconf 84' lang='lat' dir='ltr'>ugo,</span> <span class='ocrx_word' id='word_1_91' title='bbox 1009 2242 1057 2305; x_wconf 90' lang='lat' dir='ltr'>ut</span> <span class='ocrx_word' id='word_1_92' title='bbox 1073 2230 1258 2305; x_wconf 84' lang='lat' dir='ltr'>ostendum</span> 
     </span>
     <span class='ocr_line' id='line_1_15' title="bbox 215 2341 1257 2442; baseline 0 -25"><span class='ocrx_word' id='word_1_93' title='bbox 215 2343 284 2417; x_wconf 89' lang='lat' dir='ltr'>tibi</span> <span class='ocrx_word' id='word_1_94' title='bbox 302 2367 377 2416; x_wconf 90' lang='lat' dir='ltr'>uon</span> <span class='ocrx_word' id='word_1_95' title='bbox 396 2343 575 2416; x_wconf 90' lang='lat' dir='ltr'>minorem</span> <span class='ocrx_word' id='word_1_96' title='bbox 588 2366 668 2417; x_wconf 87' lang='lat' dir='ltr'>esse</span> <span class='ocrx_word' id='word_1_97' title='bbox 682 2341 876 2417; x_wconf 88' lang='lat' dir='ltr'>dubitandi</span> <span class='ocrx_word' id='word_1_98' title='bbox 893 2366 1047 2418; x_wconf 83' lang='lat' dir='ltr'>causam</span> <span class='ocrx_word' id='word_1_99' title='bbox 1062 2345 1103 2419; x_wconf 91' lang='lat' dir='ltr'>in</span> <span class='ocrx_word' id='word_1_100' title='bbox 1119 2344 1257 2442; x_wconf 86' lang='lat' dir='ltr'>scriptis</span> 
     </span>
     <span class='ocr_line' id='line_1_16' title="bbox 216 2455 1258 2555; baseline 0.002 -26"><span class='ocrx_word' id='word_1_101' title='bbox 216 2456 573 2545; x_wconf 89' lang='lat' dir='ltr'>mathematicorum,</span> <span class='ocrx_word' id='word_1_102' title='bbox 605 2480 715 2553; x_wconf 88' lang='lat' dir='ltr'>quam</span> <span class='ocrx_word' id='word_1_103' title='bbox 754 2455 793 2529; x_wconf 93' lang='lat' dir='ltr'>in</span> <span class='ocrx_word' id='word_1_104' title='bbox 833 2456 981 2553; x_wconf 90' lang='lat' dir='ltr'>scriptis</span> <span class='ocrx_word' id='word_1_105' title='bbox 1015 2458 1258 2555; x_wconf 84' lang='lat' dir='ltr'>physicomm,</span> 
     </span>
     <span class='ocr_line' id='line_1_17' title="bbox 216 2570 526 2656; baseline -0.003 -14"><span class='ocrx_word' id='word_1_106' title='bbox 216 2570 436 2656; x_wconf 87' lang='lat' dir='ltr'>ethicorum,</span> <span class='ocrx_word' id='word_1_107' title='bbox 455 2581 526 2641; x_wconf 87' lang='lat' dir='ltr'>etc.</span> 
     </span>
    </p>

    <p class='ocr_par' dir='ltr' id='par_1_6' title="bbox 215 2680 1259 3573">
     <span class='ocr_line' id='line_1_18' title="bbox 266 2680 1259 2776; baseline 0.004 -23"><span class='ocrx_word' id='word_1_108' title='bbox 266 2681 408 2753; x_wconf 92' lang='lat' dir='ltr'>Omitto</span> <span class='ocrx_word' id='word_1_109' title='bbox 439 2680 536 2752; x_wconf 88' lang='lat' dir='ltr'>inter</span> <span class='ocrx_word' id='word_1_110' title='bbox 562 2694 771 2776; x_wconf 83' lang='lat' dir='ltr'>geometras</span> <span class='ocrx_word' id='word_1_111' title='bbox 799 2680 1046 2755; x_wconf 88' lang='lat' dir='ltr'>dissentiones</span> <span class='ocrx_word' id='word_1_112' title='bbox 1074 2694 1114 2756; x_wconf 90' lang='lat' dir='ltr'>et</span> <span class='ocrx_word' id='word_1_113' title='bbox 1141 2696 1259 2759; x_wconf 88' lang='lat' dir='ltr'>mutua</span> 
     </span>
     <span class='ocr_line' id='line_1_19' title="bbox 216 2794 1257 2891; baseline 0.002 -24"><span class='ocrx_word' id='word_1_114' title='bbox 216 2794 389 2882; x_wconf 90' lang='lat' dir='ltr'>convitia,</span> <span class='ocrx_word' id='word_1_115' title='bbox 408 2816 490 2889; x_wconf 86' lang='lat' dir='ltr'>quae</span> <span class='ocrx_word' id='word_1_116' title='bbox 508 2794 654 2889; x_wconf 85' lang='lat' dir='ltr'>signum</span> <span class='ocrx_word' id='word_1_117' title='bbox 669 2795 914 2869; x_wconf 89' lang='lat' dir='ltr'>certissimum</span> <span class='ocrx_word' id='word_1_118' title='bbox 930 2797 1160 2891; x_wconf 74' lang='lat' dir='ltr'>ignorantiae</span> <span class='ocrx_word' id='word_1_119' title='bbox 1169 2810 1257 2871; x_wconf 89' lang='lat' dir='ltr'>sunt.</span> 
     </span>
     <span class='ocr_line' id='line_1_20' title="bbox 217 2906 1258 3006; baseline 0.005 -25"><span class='ocrx_word' id='word_1_120' title='bbox 217 2907 303 3003; x_wconf 91' lang='lat' dir='ltr'>Ipsa</span> <span class='ocrx_word' id='word_1_121' title='bbox 331 2906 530 3004; x_wconf 83' lang='lat' dir='ltr'>aggredior</span> <span class='ocrx_word' id='word_1_122' title='bbox 555 2909 749 3006; x_wconf 90' lang='lat' dir='ltr'>principia,</span> <span class='ocrx_word' id='word_1_123' title='bbox 774 2923 812 2983; x_wconf 89' lang='lat' dir='ltr'>et</span> <span class='ocrx_word' id='word_1_124' title='bbox 841 2909 1033 2984; x_wconf 89' lang='lat' dir='ltr'>interdum</span> <span class='ocrx_word' id='word_1_125' title='bbox 1061 2913 1177 2986; x_wconf 87' lang='lat' dir='ltr'>etiam</span> <span class='ocrx_word' id='word_1_126' title='bbox 1202 2913 1258 2986; x_wconf 87' lang='lat' dir='ltr'>de·</span> 
     </span>
     <span class='ocr_line' id='line_1_21' title="bbox 215 3021 1258 3121; baseline 0.002 -26"><span class='ocrx_word' id='word_1_127' title='bbox 215 3021 510 3095; x_wconf 82' lang='lat' dir='ltr'>monstratioues.</span> <span class='ocrx_word' id='word_1_128' title='bbox 561 3022 646 3094; x_wconf 88' lang='lat' dir='ltr'>Sive</span> <span class='ocrx_word' id='word_1_129' title='bbox 663 3023 761 3096; x_wconf 91' lang='lat' dir='ltr'>enim</span> <span class='ocrx_word' id='word_1_130' title='bbox 780 3024 965 3121; x_wconf 91' lang='lat' dir='ltr'>principia</span> <span class='ocrx_word' id='word_1_131' title='bbox 981 3024 1078 3098; x_wconf 87' lang='lat' dir='ltr'>falsa</span> <span class='ocrx_word' id='word_1_132' title='bbox 1094 3026 1181 3115; x_wconf 87' lang='lat' dir='ltr'>sint,</span> <span class='ocrx_word' id='word_1_133' title='bbox 1191 3026 1258 3099; x_wconf 84' lang='lat' dir='ltr'>sire</span> 
     </span>
     <span class='ocr_line' id='line_1_22' title="bbox 216 3135 1257 3226; baseline 0.004 -18"><span class='ocrx_word' id='word_1_134' title='bbox 216 3135 331 3209; x_wconf 92' lang='lat' dir='ltr'>illatio</span> <span class='ocrx_word' id='word_1_135' title='bbox 362 3135 569 3208; x_wconf 88' lang='lat' dir='ltr'>necessaria</span> <span class='ocrx_word' id='word_1_136' title='bbox 592 3159 668 3209; x_wconf 90' lang='lat' dir='ltr'>non</span> <span class='ocrx_word' id='word_1_137' title='bbox 698 3137 758 3226; x_wconf 90' lang='lat' dir='ltr'>sit,</span> <span class='ocrx_word' id='word_1_138' title='bbox 782 3136 1051 3212; x_wconf 88' lang='lat' dir='ltr'>demonstratio</span> <span class='ocrx_word' id='word_1_139' title='bbox 1075 3139 1179 3212; x_wconf 91' lang='lat' dir='ltr'>nulla</span> <span class='ocrx_word' id='word_1_140' title='bbox 1199 3149 1257 3211; x_wconf 80' lang='lat' dir='ltr'>est.</span> 
     </span>
     <span class='ocr_line' id='line_1_23' title="bbox 216 3249 1258 3348; baseline 0.004 -27"><span class='ocrx_word' id='word_1_141' title='bbox 216 3250 287 3322; x_wconf 91' lang='lat' dir='ltr'>Pro</span> <span class='ocrx_word' id='word_1_142' title='bbox 298 3249 496 3346; x_wconf 87' lang='lat' dir='ltr'>geometris</span> <span class='ocrx_word' id='word_1_143' title='bbox 508 3262 633 3322; x_wconf 90' lang='lat' dir='ltr'>autem</span> <span class='ocrx_word' id='word_1_144' title='bbox 644 3249 813 3323; x_wconf 88' lang='lat' dir='ltr'>omnibus</span> <span class='ocrx_word' id='word_1_145' title='bbox 823 3251 1048 3348; x_wconf 83' lang='lat' dir='ltr'>oppugnabo</span> <span class='ocrx_word' id='word_1_146' title='bbox 1062 3251 1258 3337; x_wconf 88' lang='lat' dir='ltr'>Euclidem,</span> 
     </span>
     <span class='ocr_line' id='line_1_24' title="bbox 217 3362 1258 3460; baseline 0.004 -27"><span class='ocrx_word' id='word_1_147' title='bbox 217 3363 281 3457; x_wconf 91' lang='lat' dir='ltr'>qui</span> <span class='ocrx_word' id='word_1_148' title='bbox 298 3362 463 3435; x_wconf 91' lang='lat' dir='ltr'>omnium</span> <span class='ocrx_word' id='word_1_149' title='bbox 480 3374 751 3458; x_wconf 86' lang='lat' dir='ltr'>geometrarum</span> <span class='ocrx_word' id='word_1_150' title='bbox 769 3365 945 3460; x_wconf 83' lang='lat' dir='ltr'>magister</span> <span class='ocrx_word' id='word_1_151' title='bbox 962 3364 1212 3455; x_wconf 86' lang='lat' dir='ltr'>existimatur,</span> <span class='ocrx_word' id='word_1_152' title='bbox 1226 3376 1258 3437; x_wconf 87' lang='lat' dir='ltr'>et</span> 
     </span>
     <span class='ocr_line' id='line_1_25' title="bbox 217 3476 1141 3573; baseline 0.004 -26"><span class='ocrx_word' id='word_1_153' title='bbox 217 3476 457 3571; x_wconf 88' lang='lat' dir='ltr'>interpretem</span> <span class='ocrx_word' id='word_1_154' title='bbox 475 3476 555 3570; x_wconf 89' lang='lat' dir='ltr'>ejus</span> <span class='ocrx_word' id='word_1_155' title='bbox 573 3476 736 3550; x_wconf 91' lang='lat' dir='ltr'>omnium</span> <span class='ocrx_word' id='word_1_156' title='bbox 755 3479 936 3573; x_wconf 93' lang='lat' dir='ltr'>optimum</span> <span class='ocrx_word' id='word_1_157' title='bbox 954 3476 1141 3552; x_wconf 80' lang='lat' dir='ltr'>Clarium.</span> 
     </span>
    </p>

    <p class='ocr_par' dir='ltr' id='par_1_7' title="bbox 218 3588 1256 4027">
     <span class='ocr_line' id='line_1_26' title="bbox 268 3588 1255 3689; baseline 0.002 -29"><span class='ocrx_word' id='word_1_158' title='bbox 268 3588 397 3684; x_wconf 92' lang='lat' dir='ltr'>ltaque</span> <span class='ocrx_word' id='word_1_159' title='bbox 415 3589 534 3685; x_wconf 92' lang='lat' dir='ltr'>primo</span> <span class='ocrx_word' id='word_1_160' title='bbox 552 3589 634 3662; x_wconf 92' lang='lat' dir='ltr'>loco</span> <span class='ocrx_word' id='word_1_161' title='bbox 652 3590 868 3663; x_wconf 87' lang='lat' dir='ltr'>examinabo</span> <span class='ocrx_word' id='word_1_162' title='bbox 885 3589 1054 3664; x_wconf 86' lang='lat' dir='ltr'>Euclidis</span> <span class='ocrx_word' id='word_1_163' title='bbox 1067 3591 1255 3689; x_wconf 89' lang='lat' dir='ltr'>principia:</span> 
     </span>
     <span class='ocr_line' id='line_1_27' title="bbox 218 3700 1256 3798; baseline -0.002 -23"><span class='ocrx_word' id='word_1_164' title='bbox 218 3700 393 3789; x_wconf 88' lang='lat' dir='ltr'>secundo,</span> <span class='ocrx_word' id='word_1_165' title='bbox 412 3726 456 3774; x_wconf 88' lang='lat' dir='ltr'>ea</span> <span class='ocrx_word' id='word_1_166' title='bbox 472 3727 555 3797; x_wconf 87' lang='lat' dir='ltr'>quae</span> <span class='ocrx_word' id='word_1_167' title='bbox 571 3703 762 3798; x_wconf 88' lang='lat' dir='ltr'>principiis</span> <span class='ocrx_word' id='word_1_168' title='bbox 780 3702 852 3776; x_wconf 92' lang='lat' dir='ltr'>illis</span> <span class='ocrx_word' id='word_1_169' title='bbox 868 3703 1072 3777; x_wconf 86' lang='lat' dir='ltr'>innitentia</span> <span class='ocrx_word' id='word_1_170' title='bbox 1093 3705 1256 3778; x_wconf 86' lang='lat' dir='ltr'>videntur</span> 
     </span>
     <span class='ocr_line' id='line_1_28' title="bbox 218 3814 1254 3904; baseline 0 -17"><span class='ocrx_word' id='word_1_171' title='bbox 218 3814 308 3887; x_wconf 93' lang='lat' dir='ltr'>mihi</span> <span class='ocrx_word' id='word_1_172' title='bbox 332 3837 410 3887; x_wconf 88' lang='lat' dir='ltr'>esse</span> <span class='ocrx_word' id='word_1_173' title='bbox 439 3814 542 3904; x_wconf 80' lang='lat' dir='ltr'>falsa,</span> <span class='ocrx_word' id='word_1_174' title='bbox 561 3817 638 3889; x_wconf 89' lang='lat' dir='ltr'>sive</span> <span class='ocrx_word' id='word_1_175' title='bbox 667 3840 711 3890; x_wconf 88' lang='lat' dir='ltr'>ea</span> <span class='ocrx_word' id='word_1_176' title='bbox 733 3816 807 3890; x_wconf 89' lang='lat' dir='ltr'>sint</span> <span class='ocrx_word' id='word_1_177' title='bbox 833 3814 1012 3901; x_wconf 84' lang='lat' dir='ltr'>Euclidis,</span> <span class='ocrx_word' id='word_1_178' title='bbox 1036 3817 1117 3891; x_wconf 87' lang='lat' dir='ltr'>sive</span> <span class='ocrx_word' id='word_1_179' title='bbox 1141 3815 1254 3901; x_wconf 87' lang='lat' dir='ltr'>Clarii,</span> 
     </span>
     <span class='ocr_line' id='line_1_29' title="bbox 218 3926 1254 4027; baseline -0.002 -25"><span class='ocrx_word' id='word_1_180' title='bbox 218 3928 294 4002; x_wconf 89' lang='lat' dir='ltr'>sive</span> <span class='ocrx_word' id='word_1_181' title='bbox 313 3929 563 4024; x_wconf 86' lang='lat' dir='ltr'>cujuscunque</span> <span class='ocrx_word' id='word_1_182' title='bbox 581 3942 794 4025; x_wconf 83' lang='lat' dir='ltr'>geometrae,</span> <span class='ocrx_word' id='word_1_183' title='bbox 818 3931 882 4025; x_wconf 91' lang='lat' dir='ltr'>qui</span> <span class='ocrx_word' id='word_1_184' title='bbox 899 3930 1093 4027; x_wconf 89' lang='lat' dir='ltr'>principiis</span> <span class='ocrx_word' id='word_1_185' title='bbox 1112 3932 1183 4005; x_wconf 89' lang='lat' dir='ltr'>illis</span> <span class='ocrx_word' id='word_1_186' title='bbox 1205 3926 1254 4001; x_wconf 81' lang='lat' dir='ltr'>rel</span> 
     </span>
    </p>

    <p class='ocr_par' dir='ltr' id='par_1_8' title="bbox 103 4041 1253 4343">
     <span class='ocr_line' id='line_1_30' title="bbox 103 4041 1253 4141; baseline 0 -27"><span class='ocrx_word' id='word_1_187' title='bbox 103 4049 106 4053; x_wconf 79' lang='grc'><em>’</em></span> <span class='ocrx_word' id='word_1_188' title='bbox 218 4042 298 4115; x_wconf 92' lang='lat' dir='ltr'>aliis</span> <span class='ocrx_word' id='word_1_189' title='bbox 314 4041 415 4115; x_wconf 86' lang='lat' dir='ltr'>falsis</span> <span class='ocrx_word' id='word_1_190' title='bbox 433 4043 489 4115; x_wconf 93' lang='lat' dir='ltr'>usi</span> <span class='ocrx_word' id='word_1_191' title='bbox 508 4054 619 4115; x_wconf 90' lang='lat' dir='ltr'>sunt:</span> <span class='ocrx_word' id='word_1_192' title='bbox 645 4055 757 4138; x_wconf 89' lang='lat' dir='ltr'>atque</span> <span class='ocrx_word' id='word_1_193' title='bbox 773 4042 827 4116; x_wconf 92' lang='lat' dir='ltr'>ita</span> <span class='ocrx_word' id='word_1_194' title='bbox 850 4045 1089 4141; x_wconf 80' lang='lat' dir='ltr'>oppugnabo,</span> <span class='ocrx_word' id='word_1_195' title='bbox 1105 4056 1149 4118; x_wconf 94' lang='lat' dir='ltr'>ut</span> <span class='ocrx_word' id='word_1_196' title='bbox 1165 4041 1253 4117; x_wconf 88' lang='lat' dir='ltr'>meli·</span> 
     </span>
     <span class='ocr_line' id='line_1_31' title="bbox 218 4154 1253 4252; baseline 0.004 -26"><span class='ocrx_word' id='word_1_197' title='bbox 218 4178 285 4227; x_wconf 88' lang='lat' dir='ltr'>ora</span> <span class='ocrx_word' id='word_1_198' title='bbox 319 4154 465 4250; x_wconf 88' lang='lat' dir='ltr'>rejectis</span> <span class='ocrx_word' id='word_1_199' title='bbox 499 4154 732 4243; x_wconf 90' lang='lat' dir='ltr'>substituam,</span> <span class='ocrx_word' id='word_1_200' title='bbox 765 4178 812 4228; x_wconf 90' lang='lat' dir='ltr'>ne</span> <span class='ocrx_word' id='word_1_201' title='bbox 841 4167 960 4230; x_wconf 87' lang='lat' dir='ltr'>artem</span> <span class='ocrx_word' id='word_1_202' title='bbox 992 4154 1115 4252; x_wconf 90' lang='lat' dir='ltr'>ipsam</span> <span class='ocrx_word' id='word_1_203' title='bbox 1141 4155 1253 4230; x_wconf 77' lang='lat' dir='ltr'>videar</span> 
     </span>
     <span class='ocr_line' id='line_1_32' title="bbox 218 4265 563 4343; baseline 0.006 -5"><span class='ocrx_word' id='word_1_204' title='bbox 218 4265 440 4343; x_wconf 88' lang='lat' dir='ltr'>labefactare</span> <span class='ocrx_word' id='word_1_205' title='bbox 458 4266 563 4341; x_wconf 88' lang='lat' dir='ltr'>velle.</span> 
     </span>
    </p>
   </div>
   <div class='ocr_carea' id='block_1_4' title="bbox 0 0 1320 5092">
    <p class='ocr_par' dir='ltr' id='par_1_9' title="bbox 0 0 1320 5092">
     <span class='ocr_line' id='line_1_33' title="bbox 0 0 1320 5092; baseline 0 0"><span class='ocrx_word' id='word_1_206' title='bbox 0 0 1320 5092; x_wconf 95' lang='lat' dir='ltr'> </span> 
     </span>
    </p>
   </div>
  </div>
 </body>
</html>
