2618 5092
214 608 290 689 478
623 625 679 679 nn
702 624 854 680 munus

16 822 185 869 aninumr„
214 805 254 865 et
269 790 487 866 altitudines
504 792 794 890 reciprocantur.
837 791 967 867 Quare
986 788 1074 889 (per
1089 814 1197 891 prop.
1206 800 1261 883 ³⁴,

33 890 171 927 ‘'³“
215 905 332 979 Elem.
350 906 404 999 xi)
425 906 498 979 erit
514 908 633 981 cubus
649 930 674 979 a
685 905 763 981 ΒΜ
783 904 918 999 (eubus
928 917 1060 979 autem
1077 916 1137 981 est
1154 908 1263 1005 pural-

213 1016 469 1113 lelipipedum)
502 1018 654 1115 aequalis
682 1016 1000 1115 parallelipipedo‚
1030 1019 1142 1117 eujus
1172 1020 1262 1095 bnis

214 1142 273 1204 est
305 1131 454 1227 aequalis
487 1131 668 1229 quadrato
700 1130 818 1221 DElel,
850 1130 1016 1205 altitudo
1050 1132 1205 1231 aqualis
1226 1132 1263 1207 l·

213 1243 291 1317 sive
308 1242 391 1319 AD.

265 1357 339 1430 Sed
356 1356 576 1454 quadratum
594 1356 705 1433 null
727 1356 869 1455 aequale
885 1367 945 1435 eet
960 1358 1185 1455 reetangulo
1200 1358 1261 1433 sub

212 1470 296 1559 AD,
311 1470 391 1560 DV,
409 1469 536 1561 idest,
556 1471 776 1568 reetaugulo
793 1470 895 1545 MR:
921 1470 1262 1570 parallelipipedum

212 1596 337 1658 autem
355 1584 423 1658 sub
441 1586 658 1683 reetaugulo
676 1586 756 1659 MR
772 1584 926 1659 ductum
943 1586 986 1659 iu
998 1585 1073 1660 ott
1088 1585 1262 1683 aequalem

211 1697 295 1786 AD,
313 1708 370 1771 est
397 1696 592 1771 dimidium
615 1698 701 1773 cubi
731 1698 847 1773 totius
863 1722 887 1771 a
901 1696 1022 1771 latere
1038 1696 1129 1786 ΑΙ),
1145 1698 1185 1773 id
1199 1710 1260 1786 est,

212 1809 351 1907 mquale
378 1821 541 1909 quatuor
564 1811 669 1885 cubis
691 1834 715 1885 a
735 1811 852 1885 latere
869 1810 950 1885 DV.
1005 1811 1141 1909 ltaque
1166 1823 1261 1885 reeta

211 1922 291 1997 DM
318 1936 375 1997 est
405 1922 610 1997 mediarum
636 1923 793 1997 duarum
815 1922 914 1997 inter
936 1922 1022 2016 AD,
1045 1922 1118 1997 DV
1139 1925 1259 2021 major,

211 2050 284 2113 ete.
340 2039 452 2116 Quod
468 2050 550 2113 erut
566 2037 910 2115 demonstrandum.

262 2152 467 2227 Ostendam
490 2154 569 2249 jam
599 2165 740 2227 rectam
765 2153 833 2229 DO
859 2153 1054 2227 semissem
1079 2178 1162 2229 esse
1185 2166 1259 2229 tuu-

211 2265 336 2362 gentis
366 2273 415 2341 30
432 2264 627 2361 graduum.
680 2268 791 2341 Seeet
815 2265 883 2341 RO
911 2279 1058 2341 rectum
1083 2267 1143 2341 Ele
1162 2268 1200 2341 in
1217 2293 1258 2363 yx

212 2379 357 2474 eritque
374 2379 433 2476 Oy
447 2378 548 2452 sinus
561 2390 609 2452 45
628 2379 821 2475 graduum.
866 2379 997 2477 ltaque
1014 2390 1175 2479 utruque
1191 2406 1259 2454 rec·

211 2504 333 2564 turum
353 2492 426 2587 Ay,
442 2491 501 2564 Dlr
519 2494 670 2587 aequalis
688 2494 760 2567 erit
777 2492 858 2581 AB,
877 2492 1056 2567 videlicet
1081 2494 1190 2569 lateri
1210 2508 1257 2568 to-

211 2605 285 2678 tius
319 2604 491 2702 quadrati
521 2604 670 2681 ABCD.
729 2606 897 2681 Circulus
931 2631 1023 2704 ergo
1060 2609 1257 2707 descriptus

212 2718 317 2791 radio
336 2716 401 2791 DC
421 2719 593 2791 transibit
610 2743 677 2816 per
693 2720 729 2810 Ic,
748 2732 785 2795 et
802 2720 963 2794 eirardus
983 2721 1193 2819 descriptus
1208 2747 1257 2796 ru·

213 2833 275 2908 dio
295 2833 363 2905 AB
381 2835 556 2907 transibit
573 2859 639 2932 per
655 2862 691 2933 y.

263 2946 300 3020 A
328 2959 469 3043 puncto
498 2972 524 3044 y
554 2950 718 3045 erigatur
746 2960 849 3022 recta
874 2974 921 3045 yn
948 2950 1257 3046 perpendicularis

211 3060 281 3157 ipsi
299 3060 372 3157 Ay,
391 3084 520 3134 secans
538 3059 599 3134 BC
618 3062 656 3134 in
674 3103 705 3150 a,
725 3060 1028 3159 producatnrque
1043 3090 1090 3160 ay
1107 3063 1156 3137 ad
1173 3065 1256 3138 latus

212 3172 278 3248 CD
297 3175 335 3247 in
353 3200 385 3247 a.
437 3174 519 3247 Erit
542 3198 631 3270 ergo
659 3174 884 3270 triangulum
908 3175 980 3254 Cae
1004 3179 1255 3273 aequicrurum‚

210 3299 250 3361 et
266 3287 393 3383 anguli
410 3288 490 3383 ejus
510 3287 558 3360 ad
575 3325 593 3357 a
612 3298 650 3361 et
667 3312 687 3359 s
705 3288 902 3361 semitecti.
955 3289 1190 3364 Produeatur
1210 3311 1255 3387 gr

209 3410 253 3473 ut
270 3412 371 3473 secet
387 3423 515 3471 arcum
533 3398 588 3473 Cle
603 3399 642 3472 in
658 3408 693 3489 β,
707 3400 849 3497 eritque
867 3402 1029 3497 angulus
1047 3400 1139 3479 Der
1155 3402 1255 3476 tertia

210 3535 296 3607 pars
320 3512 425 3585 recti.
479 3513 605 3587 Quare
633 3512 816 3608 producta
833 3513 889 3599 Ι)β
906 3513 1020 3588 faciet
1043 3540 1131 3588 eum
1149 3516 1254 3589 latere

210 3623 273 3698 CB
292 3625 469 3721 ungulum
487 3627 666 3721 aequalem
685 3625 827 3700 duabus
846 3627 968 3701 tertiis
985 3628 1093 3701 recti.

262 3739 448 3812 Quoniam
476 3752 601 3812 autem
626 3740 782 3835 angulus
809 3740 887 3836 Rya
905 3752 962 3813 est
979 3742 1207 3829 seminemus
1223 3748 1255 3811 et

209 3851 367 3947 angulus
386 3850 474 3935 CD13
491 3854 604 3926 tertia
626 3877 711 3951 pars
736 3853 842 3942 recti,
870 3853 983 3927 faciet
1002 3854 1061 3939 Ι)β
1078 3854 1254 3952 producta

209 3989 296 4039 eum
309 3990 360 4063 γα
377 3968 554 4064 ungulum
571 3968 697 4063 anguli
715 3967 809 4040 recti
826 3976 971 4062 partem
989 3980 1147 4041 sextam.
1189 3963 1254 4041 Sed

209 4081 366 4175 ungulus
385 4082 479 4178 Ray,
497 4081 560 4178 qui
590 4082 702 4153 etiam
729 4092 788 4153 est
817 4079 1047 4165 semireetus‚
1074 4105 1150 4154 una
1178 4102 1253 4152 eum

210 4207 315 4266 sexta
338 4206 444 4290 parte
471 4194 565 4267 recti
588 4193 700 4266 faciet
717 4192 809 4266 duas
827 4193 957 4265 tertias
975 4193 1086 4267 recti.
1139 4194 1254 4269 Quare

206 4307 338 4400 juncta
355 4319 413 4394 '013
440 4319 478 4382 et
507 4306 691 4404 producta
719 4306 859 4380 incidet
888 4306 928 4379 in
959 4304 1009 4380 D.
1072 4308 1140 4381 Est
1173 4328 1254 4401 ergo

210 4419 265 4493 Ca
282 4429 439 4516 tangens
456 4420 582 4518 anguli
600 4428 648 4495 30
665 4420 861 4517 graduum,
876 4430 913 4495 et
931 4419 1021 4494 huie
1034 4422 1187 4519 aequalis
1197 4420 1251 4494 Cr.
