2618 5092
227 627 301 694 318
502 642 785 698 Psouuuuffl
801 643 999 699 rutatos.

47 831 114 875 car.
129 834 175 877 111.
276 808 327 881 Β.
356 808 395 882 Si
413 807 488 883 duo
504 808 628 906 plana,
645 809 751 901 dura,
768 810 885 907 polita
904 834 1079 909 corpora,
1104 820 1150 887 ut
1175 834 1258 887 mar·

47 904 184 1007 ffi
224 943 341 1010 mora,
384 921 614 997 collocentur
649 946 767 997 unum
801 944 914 1020 supra
944 922 1117 1015 alterum,
1145 922 1198 999 ita
1223 936 1259 999 ut

225 1055 352 1107 eorum
391 1034 604 1131 superficies
639 1058 680 1109 se
711 1046 843 1111 mutuo
875 1058 944 1133 per
976 1034 1106 1111 omnia
1136 1048 1260 1133 puncta

225 1158 365 1235 exacte,
382 1159 561 1242 qnantum
585 1146 668 1221 lieri
686 1159 824 1245 potest,
842 1147 1091 1246 contingunt:
1116 1148 1180 1225 illa
1193 1150 1259 1225 siue

224 1283 360 1356 magna
373 1260 590 1363 difficultate
607 1260 660 1335 ita
672 1260 799 1335 divelli
809 1284 887 1336 non
899 1274 1073 1359 ponunt,
1088 1272 1134 1337 ut
1144 1260 1261 1337 eodan

224 1374 385 1447 instante
402 1397 468 1470 per
490 1374 616 1449 omnia
638 1387 780 1471 puncta
803 1374 1038 1449 dirimantur.
1089 1374 1259 1451 Verunta-

224 1509 309 1559 men
326 1510 510 1561 marmora
533 1486 673 1576 eadem,
702 1487 735 1562 si
757 1488 963 1563 communis
991 1510 1124 1563 eorum
1150 1512 1261 1586 super·

223 1598 325 1673 ficies
342 1598 391 1673 ad
406 1599 639 1674 horizontem
655 1600 832 1698 erigatur,
850 1612 916 1675 aut
936 1624 1015 1675 non
1036 1600 1148 1675 valde
1168 1600 1260 1675 incli-

223 1723 357 1785 netur:
384 1712 543 1786 alterum
559 1713 605 1786 ab
626 1712 745 1787 altero
762 1712 947 1805 facillime,
973 1725 1018 1788 ut
1048 1714 1135 1805 scis,
1160 1715 1260 1789 etim

222 1824 301 1900 solo
317 1826 481 1923 pondere
499 1825 720 1901 dilabeutnr.
771 1826 908 1902 Nonne
935 1851 1050 1902 causa
1078 1828 1188 1926 hujus
1213 1826 1259 1901 rci

221 1938 303 2013 haec
327 1951 404 2013 est:
437 1938 538 2036 qnod
563 1938 703 2013 labenti
730 1940 906 2014 marmori
932 1939 1101 2016 succedit
1129 1964 1203 2029 aar,
1226 1950 1259 2015 ct

221 2052 392 2126 relictum
408 2053 531 2127 locum
548 2075 695 2149 semper
710 2051 841 2149 implet
858 2052 872 2125 i

271 2164 319 2240 A.
346 2165 567 2239 Certissima.
612 2163 713 2241 Quid
730 2165 846 2263 ergo?

271 2276 319 2352 Β.
347 2278 507 2355 Quando
531 2300 619 2351 vero
644 2277 775 2352 eadem
803 2302 879 2353 uno
906 2278 1072 2352 instante
1099 2278 1258 2352 divellere

221 2391 377 2481 conaris,
412 2414 536 2465 nonne
568 2391 684 2465 multo
712 2392 832 2488 major
862 2392 916 2465 vis
945 2391 1158 2466 adhibenda
1185 2390 1256 2465 est?

221 2503 343 2578 Quam
362 2505 409 2577 ob
428 2528 573 2577 causam
590 2505 602 2576 i

271 2617 321 2690 A.
348 2616 440 2712 Ego,
455 2627 493 2689 et
509 2640 656 2689 mecum
671 2628 762 2713 puto
780 2641 907 2691 omnes
920 2641 1070 2691 causam
1090 2628 1256 2705 statuunt,

219 2729 319 2825 quod
336 2729 496 2825 spatium
514 2742 633 2803 totum
652 2730 750 2803 inter
767 2731 840 2805 dno
851 2732 915 2804 illa
927 2755 1117 2805 marmora
1130 2731 1258 2806 divulsa

221 2842 328 2914 simul
346 2866 420 2915 nno
437 2841 598 2915 instante
616 2843 767 2939 implere
785 2868 849 2918 aer
865 2869 940 2920 non
956 2858 1097 2941 potest,
1113 2860 1258 2944 quanta·

221 2979 365 3051 cunque
384 2954 571 3028 celeritate
590 2957 656 3029 fiat
673 2956 841 3031 divulsio.

269 3069 318 3142 B.
345 3071 405 3143 An
423 3071 485 3165 qui
503 3070 622 3166 spatia
639 3070 678 3142 in
696 3094 780 3144 aere
794 3070 874 3143 dari
890 3093 1008 3142 vacua
1024 3071 1256 3157 contendunt,

219 3183 257 3257 in
275 3184 337 3258 illo
354 3208 439 3257 aere
457 3183 535 3257 solo
555 3183 634 3256 dari
652 3196 789 3280 negant
805 3184 868 3281 qui
885 3207 1073 3258 marmora
1092 3184 1158 3260 illa
1178 3210 1257 3260 cou-

213 3299 345 3394 juncta
361 3296 578 3369 circundat?

267 3411 317 3482 A.
345 3410 512 3498 Minime,
530 3409 595 3483 sed
611 3410 747 3506 ubique
765 3411 1000 3506 interspersa.

267 3520 314 3595 Β.
337 3523 436 3595 Dum
461 3547 550 3620 ergo
570 3524 624 3596 illi
650 3524 714 3619 qni
738 3546 901 3595 marmor
925 3547 1042 3595 unum
1073 3525 1122 3598 ab
1150 3524 1256 3599 altero

216 3634 433 3708 revellentes
450 3659 572 3708 aerem
597 3636 856 3732 comprimunt,
879 3647 919 3708 et
941 3659 1009 3730 per
1036 3660 1256 3735 consequens

216 3770 371 3819 vacnum
390 3748 614 3843 exprimunt,
631 3771 788 3820 vacuum
804 3747 946 3820 faciunt
968 3747 1094 3821 locum
1121 3774 1188 3846 per
1208 3774 1256 3823 rc

215 3860 419 3933 vulsionem
449 3860 641 3934 relictum:
673 3861 776 3934 nulla
805 3884 893 3957 ergo
923 3863 1167 3957 separationis
1194 3863 1256 3935 erit

217 3973 423 4060 difficultas,
447 3975 578 4047 saltem
600 3998 677 4047 non
703 3975 821 4070 major
846 3997 957 4069 quam
981 3986 1038 4048 cst
1069 3975 1256 4050 difficultas

215 4110 372 4184 corpora
388 4086 517 4160 eadem
536 4086 707 4160 movendi
725 4088 763 4160 in
782 4111 865 4160 aere
880 4099 1075 4183 postquam
1095 4100 1256 4186 separata

213 4201 363 4275 fuerint.
392 4201 521 4297 Itaque
534 4202 720 4297 quoniam,
734 4224 909 4275 concesso
923 4226 1053 4290 vacuo,
1065 4202 1255 4278 difficultas

213 4339 398 4389 marmora
425 4315 488 4388 illa
519 4314 714 4388 dirimendi
744 4315 846 4387 nulla
874 4327 953 4388 est:
988 4317 1169 4413 sequitur,
1196 4336 1254 4412 per

212 4427 440 4501 difficultatis
458 4427 734 4524 experientiam,
752 4426 892 4500 nullum
912 4451 991 4501 esse
1009 4453 1182 4502 vacuum.

261 4543 310 4616 A.
338 4543 453 4616 Recte
488 4540 635 4637 quidem
671 4541 761 4614 illud
789 4542 912 4615 infers.
970 4542 1107 4617 Mundi
1137 4554 1251 4617 autem
