2618 5092
294 674 879 730 marunuarrcnuomunnn.
1035 662 1103 728 133

62 846 131 918 itta
157 845 212 918 ad
243 846 277 918 B
304 844 344 916 ia
373 853 422 928 β,·
457 843 534 916 sine
562 843 674 915 etium
704 842 804 914 ratio
821 840 858 933 -ζ-
876 842 1035 915 dematur
1066 843 1103 914 in
1146 868 1257 909 aaron

60 971 231 1043 rationem
252 962 307 1084 ᾗ,
325 979 367 1041 ut
384 968 587 1066 proveniat
604 965 646 1058 -ζ-
665 969 703 1040 ia
722 960 775 1081 ᾖ,
792 968 956 1065 perinde
972 977 1041 1040 est.
1141 951 1257 1052 „L

103 1086 147 1161 B.
175 1089 309 1162 Oratio
324 1087 473 1183 quidem
485 1085 591 1159 valde
609 1086 810 1183 symbolica
826 1101 893 1174 est,
912 1085 976 1159 sed
992 1111 1101 1181 quam

59 1225 128 1274 non
144 1202 329 1300 intelligo.
381 1201 580 1295 Nunquam
598 1201 696 1273 enim
714 1200 947 1296 multiplicari
965 1199 1102 1295 aliquid

59 1316 186 1404 audivi,
206 1339 330 1412 neque
353 1313 547 1410 imaginari
570 1337 731 1410 possum,
758 1313 827 1386 nisi
850 1325 891 1385 ut
916 1316 1021 1385 fieret
1044 1314 1101 1385 vel

59 1427 222 1524 multiplo
239 1429 374 1524 major,
389 1450 520 1522 nempe
538 1425 686 1521 quando
705 1427 959 1522 multiplicatio
976 1429 1019 1499 fit
1036 1451 1102 1522 per

59 1563 249 1613 numerum
279 1540 478 1635 integrum,
506 1539 565 1611 vel
591 1538 760 1633 multiplo
792 1539 921 1627 minor,
953 1539 1100 1634 quando

59 1652 305 1749 multiplicans
340 1665 396 1724 est
430 1675 603 1724 numerus
636 1650 787 1724 fractus.
856 1652 942 1724 Non
976 1642 1126 1747 itaque'

61 1766 221 1862 intelligo
247 1764 433 1861 quomodo
461 1763 600 1861 aliquid
628 1764 862 1861 multiplicari
890 1764 1004 1861 possit
1030 1767 1101 1838 nisi

60 1903 121 1974 ρετ
136 1902 334 1951 numerum
352 1878 537 1973 integrum
556 1875 612 1949 vel
626 1877 797 1949 fractum.
838 1877 990 1950 Veniam
1011 1902 1100 1973 ergo

62 1992 144 2064 mihi
169 1991 274 2065 dabit
297 1990 494 2078 wallisius,
523 1990 554 2062 si
584 2014 657 2062 non
686 1990 890 2086 intelligam
915 1990 1100 2085 quomodo

63 2106 150 2178 ratio
167 2104 264 2177 And
282 2104 313 2177 B
332 2103 416 2176 duci
437 2104 553 2200 possit
577 2105 615 2175 in
643 2102 824 2175 rationem
842 2137 860 2170 α
878 2102 925 2174 ad
941 2110 974 2184 β.
1027 2104 1099 2176 Ra-

65 2219 193 2290 tionem
219 2241 288 2314 ρετ
318 2240 512 2288 numerum
539 2215 774 2311 multiplicari
797 2239 916 2311 posse,
935 2216 1032 2299 scio;
1059 2228 1100 2288 ut

66 2332 203 2424 quando
221 2330 318 2404 ratio
338 2328 580 2426 multiplicata
596 2353 662 2426 per
680 2339 715 2418 2,
735 2327 954 2423 duplicatur,
977 2339 1015 2401 et
1035 2353 1100 2424 per

66 2444 326 2541 triplicatur,
339 2454 376 2515 et
393 2466 459 2539 per
477 2460 508 2540 q,
522 2443 565 2515 fit
576 2442 669 2515 ratio
684 2442 836 2514 rationis
850 2442 1099 2536 sesquialtera.

108 2558 155 2631 A.
182 2559 228 2630 ln
253 2556 355 2630 omni
378 2555 684 2652 multiplicatione
709 2558 752 2627 fit
780 2568 824 2627 nt
854 2554 1100 2651 multiplicans

67 2669 106 2742 ad
120 2672 316 2759 unitatem,
334 2670 387 2744 ita
403 2669 605 2767 productus
622 2668 669 2741 ad
687 2668 982 2764 multiplicatum.
1027 2669 1101 2742 lta-

68 2805 128 2879 que
153 2795 246 2879 quot
277 2783 442 2856 continet
467 2783 628 2855 unitates
657 2782 752 2854 ratio
776 2782 809 2853 A
836 2782 884 2855 ad
914 2783 956 2872 B,
989 2784 1099 2856 toties

71 2902 368 3021 {infflontinet
380 2908 560 2981 rationem
574 2942 593 2978 α
609 2908 655 2980 ad
667 2923 701 2997 β.
726 2909 860 2981 Sanine
873 2922 958 2981 sunt
972 2908 1033 3002 qui
1047 2908 1098 2979 sic

67 3023 283 3121 loquuntur?
335 3025 411 3098 Aut
427 3026 669 3122 professorem
694 3026 804 3098 talem
831 3026 927 3097 ferre
953 3049 1099 3119 aequum

68 3152 113 3211 est
128 3138 373 3226 academicos
387 3138 417 3210 si
435 3138 483 3210 ad
500 3139 602 3210 illum
624 3139 857 3235 expuendum
880 3139 968 3209 satis
986 3137 1097 3209 habe-

67 3266 138 3327 reut
154 3250 318 3326 virium?
374 3251 487 3324 Paulo
512 3266 610 3347 post,
634 3276 719 3324 cum
742 3252 893 3324 dixisset
918 3251 1099 3322 rationem

68 3363 205 3462 duplam
236 3363 408 3460 componi
438 3389 482 3436 ex
512 3364 751 3460 sesquialtera
777 3379 815 3437 et
843 3363 1096 3457 sesquitertia:

69 3476 173 3573 (quod
190 3502 321 3550 verum
338 3490 407 3564 est,
425 3477 455 3549 si
472 3501 539 3572 per
556 3478 737 3550 rationem
760 3476 909 3572 duplam
927 3476 1098 3573 intelligit

67 3592 238 3666 rationem
263 3591 364 3687 dupli
381 3590 429 3663 ad
452 3590 645 3687 simplum;
673 3590 808 3686 alioqui
832 3590 985 3674 falsum;
1013 3616 1098 3663 nam

68 3702 169 3801 dupla
185 3704 281 3778 ratio
301 3704 434 3800 exponi
451 3728 517 3799 per
537 3705 727 3799 pauciores
752 3727 862 3799 quam
880 3716 955 3776 tres
974 3706 1099 3777 termi-

68 3839 125 3891 nos
142 3843 218 3892 non
236 3829 371 3915 potest,
397 3830 439 3890 ut
456 3840 524 3889 nec
542 3817 638 3889 ratio
661 3816 790 3912 simpla
814 3841 879 3913 per
908 3819 1099 3914 pauciores

69 3953 168 4025 quam
186 3930 314 4024 duos):
343 3931 543 4024 subjungit,
564 3930 632 4002 loc
654 3940 723 4016 eat,
747 3941 788 4002 ut
813 3929 1005 4027 loqrcuntur
1023 3956 1099 4003 mu-

70 4045 142 4135 sici,
159 4071 207 4118 ea
219 4044 398 4141 diapente
414 4053 452 4114 et
470 4042 705 4116 diatessaron
723 4045 950 4142 componitur
963 4046 1100 4142 (liupa-

70 4180 136 4231 ton.
185 4156 372 4228 Verumne
389 4154 486 4228 hoc?

115 4283 161 4355 B.
186 4280 366 4377 Equidem
384 4282 473 4353 artis
491 4281 640 4354 musicae
660 4282 850 4379 imperitus
869 4307 960 4355 sum.
1015 4281 1098 4352 Scio

73 4405 184 4468 umen
195 4421 240 4468 ex
252 4395 422 4491 diapente
434 4407 471 4467 et
484 4395 712 4468 diatessaron
725 4398 895 4491 componi
911 4397 1098 4489 diapason.

117 4510 162 4581 Α.
188 4509 259 4582 Sed
278 4535 301 4584 a
318 4522 407 4583 tono
424 4509 497 4583 imo
522 4509 569 4581 ad
594 4510 763 4606 quintum
791 4523 881 4605 quot
908 4531 1100 4581 numeran-

77 4627 129 4692 tut
144 4621 244 4696 toni?
