2618 5092
283 677 600 733 mensuralem
620 675 863 730 Ronlanum.
1018 660 1086 725 115

48 876 253 928 mensuram
270 854 472 929 maximam
490 862 526 944 3,
542 853 633 927 facit
650 861 736 926 343.
774 853 827 927 Ut
843 875 933 949 ergo
951 856 1021 936 147
1039 852 1086 925 ad
1121 867 1272 910 »rixosus

48 968 171 1056 41113
187 966 411 1043 est243ad
435 975 504 1039 81:
531 964 1087 1056 313113334,113331131333
1126 949 1269 1053 „IL

47 1079 179 1154 34333
197 1088 266 1154 81.
321 1079 448 1154 Quare
464 1090 507 1152 ut
538 1085 607 1162 147
618 1086 701 1152 412
727 1077 775 1152 ad
802 1086 932 1169 49÷4‚
951 1080 1005 1153 ita
1032 1089 1089 1153 est

48 1201 112 1265 313
133 1191 186 1266 ad
202 1199 271 1267 81.
323 1193 374 1266 Et
389 1192 542 1289 proinde
558 1204 602 1266 ut
617 1192 724 1265 radix
741 1191 955 1288 quadratica
977 1197 1083 1276 147÷

47 1304 163 1379 radice
180 1304 407 1402 quadratica
425 1313 468 1379 13
487 1303 535 1378 ad
551 1304 713 1378 radicem
730 1305 983 1400 quadraticam
995 1313 1043 1381 49
1053 1316 1083 1377 ÷

48 1417 165 1492 radice
182 1416 405 1514 quadratica
433 1426 469 1506 4,
492 1417 532 1489 id
558 1430 614 1491 est
637 1415 685 1490 ad
709 1422 805 1509 7÷2,
823 1417 877 1491 ita
899 1428 954 1492 est
984 1418 1089 1492 radix

49 1530 261 1627 quadratica
280 1528 422 1605 343311
434 1529 596 1603 radicem
615 1529 947 1626 (13331311331381,
965 1530 1004 1604 id
1033 1543 1089 1605 est

50 1648 140 1725 7÷a
192 1644 324 1719 Quare
354 1643 460 1717 radix
493 1642 706 1738 quadratica
740 1653 814 1718 343
847 1643 999 1741 aequalis
1033 1657 1090 1719 est

50 1756 161 1830 radici
174 1756 405 1853 quadraticae
421 1761 490 1840 147
495 1756 651 1835 3131133
662 1756 878 1853 quadratica
894 1767 951 1832 13.
979 1758 1089 1833 Quod

51 1882 126 1944 erat
143 1869 488 1944 demonstrandum.

97 1983 236 2057 Similis
253 1994 313 2056 est
328 1982 593 2057 demonstratio
606 1981 868 2057 subductionis.
910 1982 978 2055 Est
991 1982 1089 2056 enim

53 2097 214 2171 utradix
241 2095 459 2193 quadratica
489 2100 558 2178 147
575 2095 624 2169 ad
648 2095 808 2169 radicem
839 2095 1089 2192 quadraticam

58 2217 111 2300 13,
126 2210 217 2294 1137
235 2208 286 2283 ad
304 2220 341 2284 3.
393 2208 518 2285 Quare
536 2209 567 2284 si
585 2208 811 2283 subducatur
839 2219 861 2282 3
891 2231 938 2282 ex
963 2210 1001 2297 7,
1020 2208 1090 2281 erit

55 2335 94 2397 ut
108 2322 216 2397 radix
232 2322 449 2419 quadratica
470 2322 719 2407 147-131133
742 2321 957 2420 quadratica
978 2331 1021 2394 13
1042 2320 1089 2394 ad

57 2436 214 2511 radicem
239 2436 495 2533 quadraticam
524 2436 649 2526 13,113
676 2441 787 2526 7-3,
805 2435 917 2510 idest
936 2443 970 2523 5,
988 2432 1036 2507 ad
1054 2442 1088 2507 3.

58 2550 121 2624 lat
147 2561 276 2624 autem
302 2547 502 2646 quadratus
519 2572 543 2623 a
559 2557 708 2623 5:25:
735 2551 798 2646 qui
826 2547 1091 2645 multiplicatus

59 2686 118 2758 per
143 2662 300 2738 eandem
333 2662 530 2736 maximam
558 2687 766 2737 mensuram
794 2684 1024 2738 communem
1056 2670 1091 2749 3,

61 2775 141 2850 facit
152 2782 215 2859 75.
240 2776 309 2849 Est
324 2798 413 2872 ergo
429 2787 473 2848 31
488 2776 593 2850 radix
604 2776 820 2874 quadratica
841 2774 1088 2859 147-radice

62 2888 268 2985 quadratica
287 2897 346 2978 13,
363 2888 412 2962 ad
428 2896 538 2980 7-3,
556 2890 610 2964 113
625 2890 732 2963 radix
748 2889 964 2987 quadratica
982 2892 1029 2971 75
1041 2886 1090 2960 ad

64 3007 163 3093 7-3,
180 3003 259 3076 3113
274 3001 324 3074 ad
341 3011 375 3075 5.
426 3003 494 3076 Est
506 3026 594 3101 ergo
611 3003 717 3078 radix
730 3002 944 3100 quadratica
971 3008 1089 3082 147-

63 3114 176 3189 radice
190 3113 408 3211 quadratica
425 3122 481 3205 13,
491 3116 642 3213 requalis
657 3116 773 3190 radici
790 3113 1015 3211 quadraticae
1029 3118 1088 3185 75.

63 3226 191 3302 Eadem
207 3237 265 3302 est
280 3227 477 3302 methodus
494 3230 605 3303 etiam
621 3230 661 3303 in
678 3227 924 3303 subducendis
951 3225 1089 3299 adden-

64 3338 181 3437 disque
209 3340 397 3415 radicibus
430 3343 579 3430 cubicis,
597 3354 634 3416 et
662 3342 846 3416 radicibus
873 3350 1090 3413 caeterarum

63 3463 291 3548 potestatum,
307 3452 378 3527 nisi
394 3454 494 3551 quod
520 3455 560 3529 in
588 3455 776 3530 additione
793 3466 833 3528 et
849 3452 1091 3527 subductione

63 3566 220 3641 radicum
232 3565 532 3663 quadraticarum
549 3567 823 3664 quadratorum,
836 3565 901 3663 qui
926 3588 972 3639 ex
998 3564 1092 3638 divi-

64 3677 159 3754 sione
174 3702 415 3753 numerorum
431 3703 498 3776 per
513 3681 710 3755 maximam
723 3703 849 3755 331313
860 3702 1093 3753 communem

63 3812 264 3865 mensuram
281 3790 463 3881 oriuntur,
480 3816 623 3866 summa
637 3792 696 3865 131
713 3791 920 3865 differentia
945 3791 1093 3864 ducitur

63 3900 344 3980 incommunem
360 3928 569 3979 mensuram
584 3938 594 3991 ;
620 3906 659 3979 in
677 3904 819 3979 caeteris
831 3927 918 3978 1313
930 3917 1092 4001 potesta-

64 4027 134 4092 tum
163 4018 364 4105 radicibus,
394 4040 537 4092 summa
563 4030 601 4092 et
634 4018 841 4092 differentia
867 4030 1094 4114 potestatum

64 4132 287 4229 propriarum
328 4130 518 4248 addenda,
552 4146 591 4207 et
633 4130 918 4249 substrahendae,
950 4143 988 4204 31
1028 4153 1095 4226 per

66 4252 292 4307 numerorum
330 4244 601 4329 propositorum
631 4257 828 4307 maximam
862 4254 1094 4307 communem

68 4363 265 4420 mensuram
282 4345 571 4442 multiplicandae
588 4357 687 4420 sunt.

10 4534 12 4539 .
108 4459 155 4533 B.
181 4461 279 4535 Sunt
296 4458 377 4533 haec
394 4458 542 4555 quidem
558 4459 698 4556 liquido
716 4471 754 4532 et
766 4456 926 4531 breviter
946 4454 1094 4527 demon-

10 4560 22 4639 1.
71 4579 186 4659 stram
203 4571 436 4671 sedfortasse
447 4571 557 4646 etiam
568 4571 817 4647 demonstrata
828 4567 963 4643 suntin
974 4565 1095 4663 capite

930 4703 945 4753 1
964 4703 979 4748 a
