2640 5092
299 674 879 730 uarnrnnrrcnnomaann.
1039 657 1113 726 219

64 843 155 917 facti
189 867 214 916 a
246 843 462 939 rectangulc
498 840 571 918 DG
605 854 662 916 est
695 843 734 916 in
767 843 878 940 plano
913 851 1037 914 erecto
1064 840 1112 913 ad
1150 862 1302 908 cremona

66 957 236 1029 chartam
252 956 291 1029 in
309 962 361 1044 tt,
379 968 419 1029 et
443 956 636 1051 utriusque
661 967 831 1028 centrum
855 953 1048 1049 gravitatis
1074 953 1114 1025 in
1155 945 1300 1052 L

66 1083 173 1143 recta
189 1092 274 1165 qnae
291 1068 380 1142 facit
397 1093 482 1142 cum
499 1067 679 1142 diametro
697 1068 752 1141 sui
771 1067 985 1164 quadrantis
999 1089 1116 1161 angu-

67 1181 146 1255 lum
190 1181 439 1255 inclinationis
473 1182 720 1271 semirectum,
755 1204 912 1277 cumque
947 1192 1117 1253 centrum

68 1295 264 1391 gravitatis
282 1295 389 1369 solidi
402 1319 426 1368 a
437 1295 676 1368 conversione
694 1294 804 1367 simili
818 1287 1117 1388 trianguliDBG

69 1408 116 1482 ait
134 1407 306 1481 similiter
322 1407 483 1504 positum
503 1407 550 1480 ad
568 1406 718 1504 planum
736 1430 845 1502 super
861 1450 919 1501 7„
937 1405 1008 1478 erit
1030 1427 1117 1478 cen·

70 1533 170 1593 trum
187 1519 382 1616 gravitatis
402 1519 511 1593 solidi
534 1518 727 1615 propositi,
756 1531 910 1615 propter
935 1517 1118 1590 rationem

71 1632 370 1729 magnitudinum
388 1642 411 1707 2
429 1632 477 1705 ad
500 1641 531 1720 l,
553 1632 593 1705 in
619 1655 663 1706 eo
686 1631 798 1728 plano
822 1631 923 1728 qnod
951 1631 1067 1704 distat
1094 1653 1119 1702 a

71 1746 182 1843 plano
199 1768 267 1841 per
283 1751 325 1826 ζζ
342 1767 388 1817 ex
403 1744 521 1819 altera
536 1756 654 1840 parte,
676 1744 729 1817 ita
755 1754 797 1816 ut
826 1743 1002 1817 distantia
1019 1749 1053 1824 ιζ
1069 1741 1119 1815 sit

72 1858 119 1933 ad
135 1857 355 1932 distantiam
372 1859 463 1955 ejus,
481 1881 526 1930 ex
552 1857 670 1931 altera
695 1868 802 1953 parte
830 1856 1018 1953 reciproce
1035 1868 1077 1928 ut
1093 1863 1117 1928 2

72 1971 119 2046 ad
136 1981 169 2045 Ι.
212 1970 295 2043 Erit
311 1992 401 2066 ergo
418 1983 586 2044 centrum
603 1971 797 2066 gravitatis
813 1969 919 2044 solidi
937 1968 1119 2067 propositi

72 2085 108 2158 in
120 2083 236 2181 plano
250 2082 352 2179 quod
367 2083 414 2156 ad
432 2083 582 2180 planum
597 2083 736 2157 chartae
753 2095 810 2157 est
825 2094 991 2157 erectum
1007 2084 1047 2155 in
1060 2114 1118 2155 σσ.

73 2196 169 2271 Nam
188 2218 222 2283 «ι
238 2209 297 2269 est
314 2204 350 2285 3,
369 2219 526 2292 quorum
543 2217 583 2284 ιο
599 2208 657 2269 eat
676 2194 728 2287 ὲ.
781 2197 932 2284 Rursus,
950 2205 1121 2269 centrum

71 2308 266 2407 gravitatis
292 2309 400 2382 solidi
423 2308 603 2406 propositi
634 2318 691 2381 est
718 2308 896 2395 inrecta,
924 2332 1007 2405 quae
1033 2307 1123 2381 facit

72 2446 158 2496 cum
175 2432 280 2494 reeta
297 2452 344 2491 σσ
363 2421 541 2517 angulum
557 2420 804 2495 semirectum.
854 2422 1054 2495 Rectarum
1068 2419 1123 2508 88,

73 2571 136 2634 cx,
153 2533 369 2609 intersectlo
395 2533 443 2607 sit
468 2567 505 2607 ω.
568 2533 755 2608 Quoniam
778 2536 856 2630 jam
873 2568 920 2606 ωυ
937 2532 1057 2608 estad
1074 2567 1124 2604 ωτ

73 2657 155 2723 ut2
178 2646 229 2720 ad
256 2656 288 2735 l,
321 2646 361 2719 id
387 2659 457 2736 est,
483 2649 524 2720 in
552 2647 696 2720 ratione
725 2647 832 2721 solidi
862 2648 1042 2745 propositi
1076 2645 1125 2721 ad

75 2760 234 2835 solidum
246 2760 386 2834 factum
399 2785 422 2833 a
433 2760 542 2834 simili
553 2761 793 2835 conversione
806 2762 981 2859 trianguli
993 2759 1104 2834 DBF
1112 2791 1123 2845 ;

76 2886 115 2947 et
148 2885 319 2947 centrum
354 2874 548 2971 gravitatis
591 2873 699 2947 solidi
739 2898 762 2946 a
796 2875 983 2972 triangulo
1018 2874 1126 2947 DBF

77 2999 133 3061 est
150 2988 190 3060 in
208 3017 249 3069 υς
277 2987 308 3060 si
325 2988 391 3060 fiat
408 3022 434 3058 ω
450 3001 619 3061 centrum
636 2987 752 3076 librae,
779 2989 929 3061 distabit
955 3000 1126 3060 centrum

76 3100 272 3197 gravitatis
288 3100 396 3174 solidi
413 3100 592 3197 propositi
615 3124 639 3173 a
661 3113 791 3174 centro
815 3102 918 3174 librae
936 3133 973 3188 ω,
1001 3101 1054 3172 ita
1082 3112 1126 3172 ut

77 3214 258 3288 distantia
278 3247 328 3284 aa
353 3214 403 3287 sit
432 3213 546 3310 dupla
573 3213 758 3287 distantiae
788 3215 907 3288 centri
934 3211 1128 3309 gravitatis

78 3325 187 3401 solidi
201 3325 381 3422 propositi
398 3326 445 3399 ab
465 3325 595 3400 ecdem
608 3339 747 3422 puncto
764 3360 801 3399 ω.
839 3326 919 3400 Erit
937 3349 1026 3421 ergo
1044 3326 1082 3398 in
1096 3358 1128 3397 τ.

79 3438 192 3513 Quod
209 3450 292 3513 erat
308 3437 649 3513 demonstrandum.

129 3550 302 3625 Consect.
371 3552 546 3647 Sequitur
579 3552 666 3624 hinc
694 3564 875 3648 punctum
901 3586 939 3641 ω,
969 3552 1129 3649 positum

79 3665 169 3738 item
185 3664 227 3737 in
244 3677 349 3738 recta
365 3664 426 3754 δω,
445 3664 498 3737 ita
520 3676 562 3738 nt
585 3665 698 3738 faciat
722 3689 806 3738 cum
832 3679 936 3739 recta
952 3666 996 3736 δδ
1013 3689 1131 3760 angu-

79 3776 155 3851 lum
173 3776 424 3866 semirectum,
442 3800 522 3851 esse
540 3791 711 3852 centrum
729 3779 923 3875 gravitatis
941 3778 1131 3874 utriusque

79 3888 189 3963 simul
205 3889 327 3979 solidi,
345 3913 477 3986 nempe
495 3890 602 3964 solidi
627 3893 819 3988 propositi,
847 3904 885 3965 et
909 3892 1018 3965 solidi
1041 3890 1132 3964 facti

81 4003 232 4077 asimili
249 4003 491 4076 conversione
514 4004 689 4100 trianguli
708 4003 829 4079 DBF.

132 4115 183 4190 B.
211 4115 334 4190 Credo
351 4115 534 4212 equidem,
552 4128 592 4189 et
608 4129 789 4213 praeterea
805 4130 986 4214 punctum
1004 4117 1035 4190 C
1052 4139 1133 4190 esse

84 4244 254 4303 centrum
277 4230 470 4327 gravitatis
497 4231 690 4327 utriusque
722 4232 831 4304 simul
856 4232 976 4321 solidi,
999 4252 1133 4325 nempe

84 4342 190 4416 solidi
218 4342 412 4439 propositi,
438 4355 477 4415 et
505 4342 614 4416 solidi
645 4343 744 4439 quod
773 4345 816 4418 fit
845 4369 868 4418 a
895 4343 1133 4418 conversione

85 4454 195 4528 simili
207 4455 309 4551 plani
323 4454 537 4550 cycloidalis
555 4457 697 4529 externi
717 4455 785 4529 BF
791 4455 835 4532 G.
887 4457 1004 4531 Video
1021 4456 1133 4530 etiam

85 4566 210 4643 besem
229 4565 259 4641 F
266 4567 301 4641 D
319 4568 372 4641 ita
388 4566 502 4641 dividi
519 4570 670 4665 apiano
694 4570 887 4665 aequilibrii
905 4603 964 4661 σσ,
982 4582 1024 4644 nt
1048 4594 1134 4668 pars
