2618 5092
391 659 445 711 na
464 659 634 713 narona
652 659 789 713 sums.
1032 650 1106 716 259

105 824 154 898 B.
181 824 244 899 Ita
271 824 439 912 videtur;
470 851 539 901 nec
569 829 687 902 habeo
722 828 822 926 quod
851 830 1103 925 respondeam.

63 936 173 1033 Pergo
200 937 321 1034 igitur
347 938 394 1013 ad
421 942 681 1037 experimenta.
734 942 803 1014 Per
829 941 984 1014 eandem
1012 944 1104 1017 reci-

60 1052 247 1145 procantis
275 1052 430 1125 auctoris
461 1078 621 1149 operam,
650 1054 763 1127 etiam
792 1054 976 1145 animalia,
1007 1056 1037 1128 si
1065 1058 1103 1129 in

59 1163 259 1260 recipiente
302 1164 581 1255 concludantur,
615 1178 803 1263 tamquam
847 1179 980 1242 exacto
1019 1194 1104 1242 aere

60 1276 154 1350 intra
177 1276 254 1350 dno
274 1278 331 1350 vel
354 1279 427 1352 tria
449 1278 593 1352 minuta
616 1280 716 1353 horae
740 1281 964 1354 morientur:
992 1282 1103 1377 quod,

60 1413 235 1464 concesso
251 1413 381 1478 vacuo,
393 1391 601 1465 mirandum
618 1417 692 1466 uon
710 1405 788 1479 est;
815 1406 963 1490 negato,
978 1396 1103 1469 nescio

60 1502 246 1599 quomodo
265 1504 412 1578 evenire
429 1516 561 1601 potest.

104 1618 157 1690 A.
185 1616 337 1690 Credin'
357 1632 399 1690 tu
415 1619 588 1693 animalia
605 1620 675 1693 ista
693 1633 771 1694 tam
789 1619 863 1694 cito
881 1620 1104 1714 interempta

60 1752 148 1819 esse,
166 1754 212 1804 eo
231 1729 331 1826 quod
348 1745 517 1805 carerent
539 1731 649 1805 aere?
702 1731 897 1807 Quomodo
923 1756 1011 1828 ergo
1036 1734 1104 1806 sub

60 1867 190 1941 aquam
209 1844 340 1916 vivunt
362 1844 582 1934 urinatores,
601 1869 756 1941 quorum
783 1846 907 1940 aliqui,
928 1846 1064 1918 assueti
1081 1870 1104 1919 a

59 1958 228 2054 pueritia,
250 1982 400 2033 caruere
423 1983 507 2033 aere
532 1984 597 2056 per
624 1961 753 2034 horam
781 1961 990 2056 integram?
1042 1960 1103 2033 lu-

60 2072 158 2145 clusa
175 2072 215 2144 in
233 2071 434 2168 recipiente
451 2074 623 2146 animalia
640 2073 776 2146 occidit
791 2085 913 2146 motus
926 2072 987 2145 ille
1005 2072 1103 2144 idem

60 2185 410 2273 vehementissimus
429 2211 502 2283 quo
525 2186 789 2261 distenduntur
808 2197 1102 2282 rumpunturque

60 2299 208 2373 inelusae
228 2299 370 2372 vesicae.

106 2411 1102 2508 B.Discedoiterumamachina,etoausamquaerouoti

60 2527 228 2600 omnibus
243 2527 496 2621 experimenti.
523 2527 562 2599 Si
579 2525 660 2624 quis
676 2526 822 2623 phialae,
834 2524 934 2598 omni
948 2547 1101 2619 corpore

60 2650 192 2734 praeter
217 2661 340 2712 aerem
370 2663 507 2727 vacuae,
538 2663 579 2712 os
606 2651 774 2735 apertum
803 2637 909 2710 labiis
939 2636 1101 2732 undique

59 2763 156 2826 arcte
174 2752 436 2847 complectenS,
454 2775 576 2825 aerem
593 2751 694 2824 intus
712 2762 928 2824 contentum
946 2762 1102 2822 conetur

60 2886 228 2962 exugere,
242 2864 373 2960 primo,
387 2865 489 2938 labra
502 2863 587 2937 inde
601 2863 796 2936 difficulter
809 2861 934 2934 revelli
947 2861 1099 2945 sentiet;

60 2977 202 3068 deinde,
220 2978 253 3052 si
268 2977 403 3074 phialae
421 2977 576 3050 inversae
593 3000 634 3049 os
658 2976 695 3047 in
720 2999 851 3072 aquam
868 2972 1100 3070 quantulam-

60 3115 201 3191 cunque
219 3091 425 3188 immergat,
440 3090 579 3164 videbit
592 3114 726 3185 aquam
740 3089 778 3161 in
795 3087 955 3184 phialam
973 3108 1099 3158 ascen-

60 3204 141 3280 dere
165 3205 278 3279 altius
300 3228 410 3300 quam
440 3216 498 3277 est
528 3204 703 3299 subjectae
737 3224 843 3297 aquae
876 3198 1098 3295 superficies

61 3318 194 3394 Quaero
222 3341 289 3391 cur
316 3341 412 3414 aqua
441 3328 572 3391 contra
592 3329 764 3389 naturam
792 3336 896 3387 suam
918 3312 1097 3401 ascendit,

60 3443 301 3529 praeterquam
327 3443 370 3504 ut
398 3431 558 3526 spatium
587 3428 749 3525 impleat,
778 3425 877 3523 quod
907 3424 945 3496 in
975 3424 1099 3522 phiala

59 3542 193 3619 factum
210 3556 303 3633 erat,
321 3542 500 3638 sugendo,
516 3540 701 3616 vacuum?

102 3658 153 3732 A.
180 3657 300 3732 Vacui
325 3656 415 3753 fuga
444 3681 554 3731 causa
583 3657 636 3729 rei
664 3677 842 3728 essenon
872 3662 1005 3748 potest.
1059 3651 1098 3723 Si

61 3792 175 3846 aerem
190 3771 388 3860 exuxisset,
401 3783 466 3844 aut
483 3795 547 3844 aer
563 3770 668 3858 alius,
682 3768 770 3842 dum
781 3766 942 3864 phialam
955 3789 978 3837 a
991 3765 1098 3839 labiis

61 3885 101 3959 ad
117 3908 254 3982 aquam
270 3884 544 3974 transferrebat,
562 3883 748 3979 ingressus
765 3892 885 3964 esset3
915 3890 980 3952 aut
996 3890 1098 3974 post·

63 4019 164 4092 quam
181 3996 442 4087 transtulisset,
461 4020 558 4094 aqua
574 3997 739 4092 ingressa
755 4019 829 4068 non
848 4003 956 4066 esset.
994 3991 1097 4064 Faci-

62 4106 123 4185 lius
155 4110 257 4184 enim
287 4109 453 4183 ascendit
482 4134 579 4206 aqua
609 4133 719 4206 quam
745 4132 819 4181 aer.
872 4103 973 4181 Quid
1008 4127 1097 4199 ergo

63 4224 174 4300 effecit
210 4237 253 4298 ut
286 4247 381 4320 aqua
414 4223 655 4297 ascenderet?
725 4222 886 4295 Conatus
920 4217 1014 4290 aeris
1049 4215 1098 4288 ad

64 4337 193 4411 exitum
211 4362 233 4411 e
249 4336 382 4432 phiala.
417 4337 528 4411 Quod
545 4337 598 4410 sic
615 4336 809 4431 intelliges.
844 4332 918 4407 Qui
935 4328 1097 4426 phialam

65 4451 166 4546 sugit,
187 4449 282 4524 nihil
306 4449 354 4523 ad
380 4451 572 4547 pulmones
598 4449 763 4538 attrahit,
790 4459 834 4521 nt
857 4443 999 4518 faciunt
1033 4441 1098 4536 qui

66 4564 250 4662 respirant,
266 4587 384 4660 neque
401 4565 440 4638 in
457 4564 702 4638 ventriculum
719 4558 887 4657 deglutit,
904 4555 960 4629 uti
977 4553 1097 4628 infans

943 4689 996 4749 ss
