2618 5092
272 679 591 735 uarnnunrrom
611 680 857 734 naumann.
1050 664 1093 731 51

101 847 153 922 Β.
176 847 311 946 AEque.
1131 879 1283 922 ornianus

101 959 150 1035 A.
174 961 225 1036 Et
257 984 435 1037 numerus
476 960 735 1059 quadrantum,
767 983 892 1035 nonne
923 979 1099 1032 numeros
1137 962 1280 1067 *jd

57 1074 200 1172 proprie
217 1074 367 1149 dietus?

103 1187 154 1263 B.
178 1187 318 1263 Etiam.

102 1300 154 1376 Α.
178 1300 230 1375 Et
244 1300 272 1397 ἦ
287 1300 366 1376 sire
388 1298 561 1391 dodrans,
578 1322 702 1373 nonne
723 1308 781 1373 est
805 1322 979 1376 numerus
1007 1326 1098 1399 qua-

57 1412 257 1488 drontnmi

102 1526 154 1601 B.
178 1527 262 1603 Est.

102 1639 154 1714 A.
178 1637 359 1735 Idemque
373 1660 550 1712 numerus
566 1636 732 1712 fractus?

104 1749 155 1825 B.
179 1750 324 1825 Vroisti
374 1750 473 1824 Nam
507 1773 583 1847 qua
613 1749 758 1824 ratione
791 1747 932 1824 diceret
964 1752 1097 1850 aliquis

58 1885 247 1938 numerum
263 1863 492 1962 integrorum
504 1863 621 1961 magis
637 1863 787 1960 proprie
803 1887 997 1940 numerum
1010 1867 1096 1959 diei,

58 1999 163 2072 quam
179 1978 357 2074 pardum,
374 1976 503 2051 eadem
518 1977 663 2051 ratione
678 1977 818 2075 poterit
835 1978 957 2053 dicere
970 2005 1098 2054 nume-

58 2112 136 2163 mm
150 2090 266 2165 boum
282 2089 402 2188 magis
418 2090 565 2188 proprie
582 2089 668 2181 dici,
682 2114 794 2187 quam
810 2092 947 2165 ovium.
999 2094 1098 2168 Hae-

58 2213 163 2278 tenos
183 2227 276 2302 ergo
298 2226 375 2280 non
390 2201 501 2278 modo
518 2228 594 2277 non
610 2214 727 2294 ἀκριβῆ,
745 2200 811 2276 sed
836 2204 949 2277 etiam
971 2205 1098 2302 inepta

59 2329 153 2406 sunt,
169 2339 256 2413 φύε
270 2315 451 2413 legimus3
484 2316 750 2412 authoremque
773 2325 887 2390 tantae
903 2316 1097 2390 subtilitati

58 2427 231 2526 imparem
252 2452 333 2502 esse
356 2428 535 2503 indicant.
585 2428 714 2526 Capite
731 2428 875 2524 quinto,
892 2429 955 2502 ubi
974 2441 1099 2504 osten-

59 2541 140 2617 dere
150 2542 350 2641 pollicetur
358 2542 669 2642 procreationem,
683 2566 793 2639 quam
806 2542 966 2639 appellat
983 2543 1097 2617 etiam

58 2656 349 2786 originationem,
372 2678 621 2742 numerorum,
651 2667 929 2752 expectaueram
956 2655 1097 2785 aliquid

59 2771 148 2860 nori,
165 2780 210 2845 ut
236 2769 335 2898 φύε
340 2769 481 2867 primns
507 2792 691 2859 numeros,
707 2770 766 2844 vel
793 2770 924 2845 saltem
945 2771 1098 2844 nomina

60 2883 268 2974 numeralia,
277 2882 419 2980 primns
432 2882 586 2958 invenit.
636 2881 711 2956 Sed
727 2881 773 2957 de
790 2883 862 2958 hoe
878 2908 926 2958 ne
942 2884 1097 2958 verbum

61 2995 201 3092 quidem
217 2996 344 3071 habet.

102 3110 151 3187 A.
176 3109 225 3186 Si
249 3109 374 3209 igitar
396 3106 463 3182 ati·
478 3107 595 3208 priua
619 3107 727 3183 nulla
756 3116 853 3196 erat,
883 3116 1096 3206 apportatur

60 3224 187 3315 naim,
203 3223 259 3296 ait
286 3244 457 3296 numerat
477 3220 687 3320 singularia
699 3222 776 3306 ,··ai
792 3220 916 3296 addae
931 3219 1098 3293 addatur

60 3338 178 3412 initas
204 3335 301 3426 alia,
330 3334 490 3433 emergit
515 3358 686 3408 numeria
711 3334 881 3409 dinarius
893 3360 909 3417 ,·
942 3332 1098 3406 accedat

9 3438 12 3453 ’
60 3448 142 3542 alia,
161 3459 201 3525 et
215 3448 394 3548 exsurgit
410 3447 610 3523 ternarias.
659 3447 805 3546 Estque
820 3446 900 3521 hae
916 3469 1007 3519 oera
1031 3471 1098 3519 aa·

60 3585 234 3638 nerorani
266 3561 473 3661 originatio
505 3585 573 3636 aeri
598 3559 1098 3660 procreatio—Eleganter

59 3673 153 3766 illud,
168 3674 235 3751 adi
244 3674 359 3775 priua
373 3673 470 3749 nihii
483 3683 581 3766 erat,
596 3685 825 3774 apponatur.
863 3674 913 3747 Et
929 3697 976 3746 ex
992 3673 1098 3746 addi-

58 3789 149 3864 tione
165 3790 354 3864 nnitatum
368 3788 450 3862 fieri
466 3812 672 3875 numerum,
689 3788 754 3863 sed
776 3812 847 3862 nee
868 3787 991 3861 minus
1017 3786 1098 3861 fieri

57 3925 116 3998 per
130 3903 362 3979 ablationem
383 3902 545 3998 partium
570 3902 767 3999 aequalium
784 3903 831 3976 ab
848 3926 923 3975 uno
941 3899 1039 3988 dato,
1056 3899 1097 3974 id

57 4029 115 4099 est,
129 4041 200 4115 per
217 4015 446 4105 divisionem,
462 4015 570 4114 pueri
586 4016 730 4101 soinnt;
756 4040 871 4113 quare
888 4026 1013 4088 autem
1030 4039 1097 4111 per

56 4135 280 4210 additionem
304 4133 429 4230 potius
456 4158 567 4231 quam
590 4157 657 4230 per
679 4133 914 4223 ablationem,
935 4133 1041 4229 pueri
1058 4143 1097 4205 et

54 4246 238 4324 wallisius
259 4249 368 4345 juxta
391 4247 571 4321 nesciunt.
623 4247 773 4322 Poterat
795 4271 884 4344 ergo
912 4246 1096 4320 subtilitas

54 4359 142 4450 hmo,
159 4363 241 4437 sine
264 4360 342 4435 ulla
365 4360 644 4435 existimationis
672 4384 748 4434 snae
781 4371 846 4434 aut
879 4358 1096 4433 eruditionis

53 4487 187 4551 nostrie
209 4475 370 4571 jactura,
392 4473 638 4570 praetermitti,
658 4473 965 4570 quemadmodum
990 4484 1028 4543 et
1056 4469 1095 4543 id

53 4589 150 4684 quod
172 4587 345 4690 proxime
372 4588 550 4686 sequitur,
574 4587 750 4663 nimirum
777 4588 861 4679 hoo,
887 4595 945 4660 ert
976 4585 1097 4684 igitar

920 4721 982 4775 ui
