2640 5092
880 59 894 80 ί,

293 647 608 700 MATHEMATICAE
628 647 873 700 nonlttltNAE.
1024 632 1093 697 231

103 811 157 886 Β.
185 812 272 887 Non
288 812 450 887 memini.
1133 840 1268 883 nmnoou

103 927 156 1000 Α.
184 926 260 1001 car
276 950 364 1024 ergo
377 928 550 1024 injurium
566 927 839 1000 nominaremus
852 949 930 1015 nos,
944 924 983 997 id
1001 925 1099 1021 quod
1139 922 1269 1027 „IL

49 1039 301 1115 constitueret
318 1041 477 1115 Senatus
491 1041 724 1137 Populusque
737 1038 989 1135 Anglioonus?

104 1151 153 1226 Β.
182 1154 269 1228 Non
302 1155 531 1230 faceremus:
560 1154 626 1229 sed
660 1154 761 1252 qnod
791 1176 884 1226 unus
911 1154 1022 1226 homo
1040 1152 1099 1225 vel

50 1292 142 1366 pors
159 1268 282 1365 aliquo
304 1270 431 1366 populi
454 1269 615 1366 juberet,
647 1293 722 1343 non
750 1266 1002 1340 dubitaremus
1033 1264 1099 1338 nli-

51 1381 206 1479 quando
224 1382 401 1478 injustum
416 1382 550 1456 dicere.

104 1495 156 1568 A.
183 1494 285 1571 Quid
301 1509 426 1569 autem
444 1495 620 1591 intelligis
636 1519 703 1591 per
721 1495 929 1589 injustum?

104 1607 156 1680 B.
186 1605 229 1680 Id
243 1607 344 1703 quod
359 1607 571 1681 factumest
588 1620 719 1682 contro
734 1607 847 1703 leges.

106 1720 160 1793 Α.
186 1719 287 1794 Quid
303 1734 391 1794 sunt
403 1720 530 1817 leges?

104 1832 156 1906 B.
181 1832 290 1906 Jusso
307 1832 478 1921 civitatis,
495 1832 535 1905 id
552 1843 619 1918 est,
632 1834 735 1928 Jussa
752 1835 864 1906 euriae
880 1833 955 1906 sive
982 1843 1099 1906 coetus

55 1945 164 2034 illius,
183 1946 247 2042 qui
264 1970 287 2019 u
303 1946 443 2020 civibus
460 1946 621 2043 eligitur,
636 1958 678 2019 ut
701 1957 820 2019 totam
838 1946 1025 2020 civitatem
1042 1969 1099 2018 re-

56 2071 271 2155 praesentet.
298 2059 385 2134 Non
395 2058 493 2133 enim
510 2082 596 2156 pars
610 2059 803 2132 millesima
820 2058 955 2132 civium
967 2060 1099 2132 Roma·

57 2196 191 2247 norum
207 2184 408 2268 potuerunt
425 2174 464 2245 in
478 2174 613 2246 Fomm
625 2173 833 2246 convenire.

106 2287 157 2361 A.
185 2288 270 2362 Non
297 2310 386 2384 ergo
413 2287 475 2361 ille
505 2310 600 2360 unus
624 2289 746 2377 bomo,
772 2299 837 2361 out
866 2310 951 2384 pars
972 2286 1098 2383 populi

59 2399 219 2474 habebnt
231 2400 425 2497 imperium
442 2424 637 2474 summum.

108 2513 156 2586 B.
184 2513 350 2587 Minime.

109 2627 158 2702 Α.
187 2627 363 2701 Nondum
380 2651 469 2724 ergo
487 2625 692 2716 ostendisti,
710 2628 888 2723 injustum
901 2651 980 2700 esse
996 2626 1101 2701 habi-

61 2752 138 2814 tum
156 2739 256 2836 quod
268 2741 407 2814 fuctum
424 2753 518 2814 esto
534 2764 677 2815 summo
697 2741 914 2838 imperante,
929 2741 995 2814 sed
1018 2752 1099 2814 ton-

61 2867 138 2927 tum
166 2855 386 2927 sententiam
410 2867 511 2928 tuam
541 2854 587 2927 de
615 2853 736 2928 forma
760 2856 948 2951 regiminis
968 2855 1100 2927 summi

61 2966 311 3056 subindioosti,
327 2968 373 3041 de
387 2993 460 3064 quo
470 2969 540 3041 boc
551 2969 632 3041 loco
643 2969 831 3064 disputare
842 2969 940 3042 noio.
969 2969 1099 3042 Dicam

61 3091 218 3169 tantum,
233 3079 333 3177 quod
350 3093 406 3155 est
416 3081 658 3169 verissimum,
672 3082 703 3153 si
715 3082 851 3177 singuli
865 3083 963 3155 cives
977 3105 1100 3177 repre·

60 3193 197 3268 senturi
215 3218 254 3267 se
267 3195 445 3290 jusserint
468 3194 608 3267 abnuo
636 3194 799 3280 bomine,
817 3206 855 3268 et
877 3219 944 3291 per
973 3217 1101 3266 conse-

60 3331 188 3404 qnens,
205 3307 303 3381 illius
320 3322 417 3382 esset
434 3307 628 3404 imperium
646 3332 841 3396 summum,
858 3308 898 3381 id
924 3306 1023 3405 quod
1040 3306 1101 3379 ille

56 3420 210 3515 jusserit
226 3444 301 3493 non
320 3420 439 3492 minus
455 3444 522 3515 pro
536 3421 637 3516 justo
655 3421 865 3495 habendum
883 3444 974 3505 esse,
992 3443 1102 3515 quam

60 3534 90 3606 si
106 3532 207 3607 idem
220 3533 389 3628 jussisset
406 3545 553 3606 senatus
567 3544 605 3606 et
622 3533 736 3629 plebs,
753 3533 909 3607 eundem
926 3533 1103 3606 habentes

60 3645 335 3720 authoritatem.
375 3646 478 3718 Nihil
495 3669 585 3742 ergo
599 3646 636 3718 in
650 3646 803 3742 politica
819 3645 986 3744 peccavit
1003 3657 1103 3719 certe

60 3758 249 3832 bootenus.

114 3870 157 3944 B.
185 3871 288 3945 Nihil
304 3872 482 3969 profecto.
535 3871 609 3946 Sed
625 3875 783 3969 parturit
803 3876 881 3970 jam
899 3872 1046 3968 Anglio,
1065 3885 1103 3944 st

63 3983 132 4057 boc
158 3985 238 4081 ipso
256 3985 315 4059 die
333 3997 501 4082 speratur
528 3988 717 4060 nascituro
745 3989 820 4061 Pax
846 4001 884 4061 et
903 3987 1101 4083 imperium

64 4096 230 4170 firmum:
257 4098 369 4195 quod,
385 4101 454 4173 nisi
472 4099 637 4173 Jzotitioe
655 4101 789 4189 Libro,
812 4100 974 4174 Gladius
988 4096 1102 4186 Belli,

65 4220 102 4280 et
124 4209 244 4308 Virgo
272 4211 415 4284 Scholm
444 4214 481 4286 in
505 4213 634 4286 eodem
652 4215 726 4287 sint
749 4239 873 4302 manu,
887 4214 1103 4287 diuturnum

66 4344 140 4395 esse
158 4323 218 4396 vix
235 4335 370 4420 potest.

114 4435 162 4507 A.
187 4436 314 4510 Finem
331 4461 422 4534 ergo
439 4439 668 4513 sermonibus
698 4441 834 4515 nostris
863 4440 1014 4513 tandem
1038 4440 1103 4512 im·

70 4561 254 4641 ponentes,
268 4551 299 4624 si
322 4551 457 4647 placet,
476 4575 682 4649 surgamus
701 4566 740 4626 et
762 4577 955 4650 precemur
973 4554 1104 4639 Deum,
