2618 5092
245 667 314 735 160
457 683 725 741 exanimato
744 686 798 741 nr
815 686 1068 743 annunanrn

55 868 202 912 ammaus
240 871 314 938 sus,
328 848 559 946 Meybomins
572 852 810 949 reprehendit
834 852 1089 930 definitionem
1114 850 1254 929 Enelidis

56 949 199 1055 „IL
240 962 378 1052 (Elem.
396 965 444 1036 ri.
464 964 503 1057 5)
516 978 559 1039 nt
571 964 729 1053 falsam
753 980 965 1043 nonreete:
990 978 1254 1066 poterattentn

238 1086 281 1150 ut
298 1098 374 1149 non
392 1075 642 1153 definitionem
657 1111 668 1164 ς
692 1103 781 1153 nam
797 1090 922 1177 potest
934 1080 1189 1157 demonsmri

289 1190 340 1263 B.
365 1191 413 1262 Et
427 1190 696 1266 demonstravit
713 1192 894 1267 Hohbius.

287 1300 334 1377 A.
360 1303 493 1377 Vidisti
502 1305 581 1401 jam
597 1328 706 1402 quam
734 1315 822 1380 sunt
847 1317 993 1381 naturae
1015 1302 1259 1397 rationumds

238 1439 311 1510 qna
326 1416 485 1513 litigant,
503 1418 612 1491 ambo
629 1418 761 1515 ignari.

289 1529 338 1602 B.
366 1530 520 1626 Reliqua
548 1553 637 1628 ergo
662 1555 709 1606 ne
738 1532 936 1607 examines.
999 1530 1122 1605 Attuli
1154 1540 1261 1604 auten

237 1666 381 1716 meeum
394 1643 551 1717 alterum
567 1643 670 1717 illum
680 1644 816 1719 librum
828 1646 918 1742 ejus,
935 1644 998 1719 De
1015 1641 1171 1743 Arguto
1183 1640 1262 1715 Gon·

237 1764 369 1845 tortus,
388 1757 450 1828 De
470 1756 705 1831 Sectiorridor
724 1756 885 1848 Conioit,
897 1770 933 1832 et
951 1757 1015 1830 De
1030 1754 1264 1831 Arithmion

237 1867 509 1962 Iqfinitoromfi
523 1881 566 1943 nt
592 1893 677 1944 enm
704 1870 916 1967 perlegeris,
937 1870 1168 1945 excutiamus
1182 1879 1266 1943 nunt

234 1981 346 2056 hunc.

286 2095 335 2168 Α.
362 2096 470 2171 Libet
478 2106 818 2192 antem,antequnm
828 2094 1143 2181 discedas,videre
1152 2106 1268 2169 ntrnn

235 2221 334 2283 recte
351 2208 629 2305 reprehenderit
663 2209 913 2283 Mersennum.
975 2207 1268 2298 Mersennus,in

236 2322 417 2417 cogitatis
434 2322 893 2419 Physica-MathematiciS,
919 2321 1268 2419 Proportio,inquit,

234 2434 472 2531 aequalitatis,
485 2435 596 2508 nihili
609 2435 887 2509 similitudinem
904 2437 1040 2534 rosert.
1075 2434 1270 2533 Propertio

234 2549 391 2643 majoris
433 2547 704 2643 inaequalitatis
739 2547 929 2621 attollitur
958 2573 1078 2646 sopra
1111 2547 1268 2621 nihilum.

237 2660 439 2757 Propertio
457 2658 609 2732 minoris
626 2660 897 2756 iooequolitotia
924 2660 1150 2758 deprimitur
1177 2660 1271 2758 ὄψα

233 2772 397 2845 nihilum.
451 2772 593 2844 Contra
610 2773 701 2861 haec,
720 2797 764 2846 ea
780 2796 863 2868 quae
873 2774 982 2847 affert
992 2773 1180 2847 Wallisius
1191 2797 1271 2846 con·

232 2887 397 2959 tinentur
415 2886 539 2960 omnia
551 2886 608 2959 his
621 2887 765 2960 verbis:
795 2887 869 2971 Qut
891 2886 1063 2984 simplum
1082 2887 1189 2977 dicit,
1203 2911 1269 2959 oon

232 2998 298 3072 ille
325 3022 401 3072 rem
430 2998 563 3071 nullior
591 2999 734 3098 apponi
764 2999 954 3097 intelligit,
972 3000 1044 3072 aed
1066 2999 1183 3073 seriei
1194 3028 1208 3083 ;
1232 3008 1267 3072 et

231 3113 297 3212 qui
310 3112 527 3210 subduplum
536 3113 630 3209 poni
644 3111 750 3201 dicit,
765 3136 835 3183 ooo
849 3110 997 3209 aliquid
1005 3113 1159 3209 auferri
1171 3112 1270 3200 dicit,

230 3227 302 3300 aed
315 3225 449 3299 saltem
464 3225 653 3298 semissem
663 3225 769 3322 porri.
806 3225 900 3299 Quae
919 3225 1007 3298 satis
1025 3225 1108 3299 illos
1127 3226 1270 3322 quidem

231 3340 506 3437 redarguerent,
520 3339 583 3435 qui
600 3338 783 3434 simplum,
801 3338 859 3410 vel
875 3339 1075 3424 semissem,
1088 3339 1149 3412 vel
1163 3340 1270 3412 trien-

230 3465 306 3527 tem
336 3455 428 3527 nihil
461 3476 540 3526 esse
568 3452 745 3540 dicerent,
775 3451 835 3525 vel
868 3451 1114 3547 quantitatem
1141 3453 1270 3525 habere

231 3567 392 3653 nullnm;
419 3566 484 3640 sed
510 3578 640 3640 contra
663 3565 915 3652 Mersennum,
933 3565 996 3661 qui
1019 3565 1112 3639 nihil
1144 3566 1270 3640 horum

231 3680 331 3764 dicit,
349 3681 414 3753 sed
439 3680 637 3765 semissem,
656 3678 840 3766 trientem,
858 3690 941 3766 etc,
963 3677 1104 3773 aliquid
1132 3703 1211 3752 esse
1236 3688 1271 3750 et

229 3794 472 3890 quantitatem
489 3793 684 3889 positivam
702 3815 782 3865 esse
800 3790 982 3880 concedit,
1001 3791 1095 3864 nihil
1121 3792 1268 3866 faciunt

231 3908 327 3980 Nam
353 3906 450 3979 illius
470 3906 604 3995 verbis,
623 3929 698 3977 non
722 3904 910 3977 semissem
939 3927 1061 4000 neque
1088 3906 1268 3993 trientem,

229 4032 313 4109 eta,
327 4018 464 4115 aliquid
482 4041 561 4091 esse
578 4030 746 4113 negatur,
761 4016 826 4090 sed
848 4029 992 4090 tantum
1012 4019 1177 4092 semissis
1200 4018 1268 4092 sire

229 4131 385 4221 trientiS,
416 4142 500 4219 eta,
524 4130 572 4203 ad
602 4130 787 4224 integrum
814 4129 996 4201 rationem
1027 4131 1266 4225 quantitatem

227 4248 376 4334 habere,
390 4244 428 4317 id
446 4255 613 4338 negatur.
650 4243 693 4314 In
705 4240 873 4337 legendis
893 4263 981 4336 ergo
998 4241 1264 4317 mathematicis

226 4386 301 4435 non
315 4359 424 4432 nimis
441 4369 496 4430 est
510 4367 651 4430 acutus.

277 4461 327 4534 B.
355 4459 429 4534 Sed
448 4458 547 4531 nosti
569 4458 676 4553 juxta
705 4453 926 4529 sententiam
948 4454 1121 4545 Wnllisii,
1146 4454 1263 4529 semis

227 4598 316 4664 aem,
336 4587 374 4649 et
396 4571 555 4648 semissis
578 4571 626 4645 ad
650 4583 771 4645 totum
798 4567 991 4660 rationem,
1009 4568 1170 4645 eandem
1193 4588 1262 4641 esst

223 4711 316 4761 rem.
