2618 5092
286 670 612 724 unrnuunrrcm
633 672 876 726 nonrsnnrn.
1052 659 1100 736 67

48 863 246 914 emmanue
275 840 484 914 notionen?
545 840 642 914 Num
670 841 781 915 etiam
809 865 1010 914 communes
1038 868 1101 916 no-
1138 873 1288 914 »innocus

49 955 155 1028 tiones
194 953 399 1028 axiomata
432 953 614 1029 dicuntur.
692 955 855 1029 Anione
888 970 1012 1029 autem
1047 970 1102 1031 est
1141 954 1284 1058 ,ᾖ

51 1068 185 1156 latine,
197 1065 455 1166 postulatum.
1179 1101 1183 1109 ·

95 1182 143 1254 A.
169 1181 275 1256 Sunt
309 1203 444 1253 revera
473 1193 629 1276 utruque
651 1180 861 1279 postulante.
919 1183 1103 1256 Differunt

53 1306 173 1367 autem
187 1294 229 1368 in
242 1318 303 1383 eo,
315 1293 419 1390 quod
432 1293 469 1367 in
483 1293 608 1367 alteris
617 1294 824 1389 postulatur
833 1295 1101 1392 pmnesucere,

54 1405 234 1480 inalteris
250 1406 466 1504 postulatur
483 1407 636 1480 concedi
655 1431 776 1480 vuum
793 1431 875 1481 enne
892 1409 1042 1506 aliquid,
1059 1422 1103 1483 ut

54 1519 309 1611 evidens,sine
326 1519 652 1594 demonstratione.
680 1519 753 1593 Sed
769 1544 976 1617 pergamus.
1002 1522 1102 1595 Defi-

55 1632 212 1707 nitiones
256 1633 413 1707 secundi
453 1645 492 1708 et
533 1634 636 1707 tertii
668 1633 863 1723 Elementi,
898 1658 981 1731 quae
1015 1649 1103 1708 sunt

55 1747 246 1821 nominum
263 1759 413 1822 tantum
435 1747 699 1845 impositiones,
717 1760 899 1821 accuratae
916 1759 1014 1838 sunt,
1033 1750 1104 1822 nisi

55 1860 155 1956 quod
170 1859 343 1935 delinitio
366 1875 499 1958 quarta
521 1861 704 1935 Elementi
730 1861 830 1934 tertii
851 1885 926 1935 non
947 1862 996 1935 sit
1013 1861 1103 1935 defi-

57 1973 158 2062 nitio,
176 1966 244 2048 sed
259 1973 426 2063 aemma,
442 1975 519 2049 sive
536 1974 740 2072 suppositio
765 1998 838 2071 qua
863 1987 992 2049 notum
1016 2000 1101 2071 sup-

57 2087 218 2181 ponitur,
252 2087 430 2161 nimirum
463 2112 486 2162 a
519 2096 658 2185 puncto
692 2086 739 2160 ad
783 2087 918 2160 lineam
960 2102 1101 2161 rectum

57 2199 307 2274 brevissimam
326 2223 406 2274 esse
424 2200 775 2298 perpendicularem.
841 2201 1018 2274 Similiter
1042 2202 1100 2274 de-

58 2312 241 2387 finitiones
260 2313 447 2388 Elementi
464 2313 598 2410 quarti,
616 2325 702 2386 sunt
717 2313 907 2385 nominum
924 2313 973 2386 ad
988 2315 1102 2410 placi-

59 2434 134 2499 tum
152 2425 420 2524 impositiones,
439 2427 595 2522 ideoque
612 2425 832 2521 reprehendi
845 2449 921 2499 nou
935 2439 1101 2523 possunt.

60 2537 116 2612 Ad
130 2539 368 2614 Elementum
389 2539 560 2635 quintum
583 2538 749 2612 definitio
771 2538 891 2634 prima
912 2548 980 2629 est,
1001 2565 1102 2638 para

59 2661 113 2725 ert
134 2651 357 2750 magnitudo
380 2650 661 2750 magnitudinis,
690 2653 809 2726 minor
832 2653 997 2748 majoris,
1023 2679 1102 2726 cunr

62 2762 174 2838 inim
193 2766 349 2839 nectitur
365 2767 553 2861 mojorem.

104 2876 152 2952 B.
179 2877 254 2953 Sed
278 2877 311 2951 si
337 2878 459 2951 minor
485 2902 561 2951 non
591 2879 765 2952 metiatur
793 2881 981 2976 majorem,
1012 2904 1100 2953 num

62 2989 138 3065 ideo
154 3015 231 3065 non
249 2990 322 3064 erit
339 2989 436 3064 illius
452 2989 564 3087 pars?

103 3104 154 3179 A.
179 3104 274 3178 Erit.
334 3103 408 3177 Sed
440 3103 606 3200 loquitur
638 3104 810 3177 Euclides
839 3104 1019 3178 hocloco
1054 3105 1099 3178 de

55 3227 166 3314 parte
195 3216 395 3314 aliquam
430 3216 470 3290 id
500 3228 568 3307 est,
596 3240 681 3290 cum
707 3218 826 3312 major
855 3217 1031 3291 dividitur
1061 3218 1100 3291 in

60 3342 177 3425 partes
194 3330 370 3428 aequsles,
387 3329 531 3404 illarum
549 3353 624 3403 una
642 3331 722 3403 haec
747 3330 973 3426 intelligitur.
1027 3332 1100 3405 Sed

60 3467 139 3518 enm
156 3455 254 3518 esset
271 3444 311 3516 in
334 3444 539 3539 geometria
561 3442 788 3540 loquendum
814 3467 910 3539 saepe
934 3443 979 3517 de
1004 3468 1100 3517 rnen-

58 3580 144 3632 tnru
161 3569 201 3632 et
217 3557 501 3647 mensuratione,
528 3557 654 3630 deerat
675 3567 800 3630 tamen
817 3557 994 3631 hactenus
1013 3559 1100 3631 defi-

59 3671 146 3745 nitio
163 3693 359 3745 meneurae.
411 3670 587 3744 Definivit
603 3682 747 3766 partem
765 3694 831 3767 per
848 3670 1100 3746 definitionem

57 3806 249 3858 mensura.
302 3782 400 3872 Nam
416 3793 661 3856 mensurant
678 3782 895 3881 magnitudo
920 3786 1101 3883 magnitu-

56 3897 165 3988 dinis,
183 3897 305 3971 minor
327 3894 484 3992 majoris
500 3894 560 3969 vel
579 3920 650 3968 non
670 3896 833 3986 minoris,
864 3920 942 3970 cunr
968 3900 1099 3987 minor,

56 4011 129 4108 ἱροὶ
146 4008 345 4109 applicata
361 4008 474 4082 semet
488 4008 548 4082 vel
555 4008 717 4109 pluries,
735 4010 855 4108 ipsum
872 4022 1001 4109 aquut.

102 4124 152 4199 B.
179 4123 320 4197 Omnes
355 4121 502 4218 quidem
545 4124 669 4195 omnia
709 4148 776 4220 per
817 4125 1098 4220 applicationem

56 4237 283 4321 metiuntur;
324 4235 362 4308 in
399 4236 615 4332 corporibus
643 4237 927 4312 consistentibus
959 4263 1100 4311 mensu-

56 4350 177 4424 randis
204 4347 308 4438 ulnu,
350 4347 535 4436 bracchio,
558 4349 659 4447 pede
684 4361 862 4434 utuntur;
896 4352 935 4424 iu
964 4351 1098 4439 fluidis,

55 4462 212 4537 nasibus.
266 4462 337 4535 lllo
352 4485 486 4557 nempe
505 4475 685 4557 spectant,
704 4463 802 4559 quod
827 4462 952 4535 dixisti
975 4487 1097 4559 supra,

55 4573 173 4649 locum
193 4598 380 4651 mensurae
404 4575 442 4648 iu
466 4576 667 4650 mensurati
698 4578 780 4651 loco
808 4576 951 4673 quoties
982 4577 1099 4649 conti-

928 4712 985 4765 rs
