2618 5092
199 668 273 736 260
523 681 578 734 nn
597 676 769 733 neruus
785 674 923 731 aunis.

202 849 265 948 qui
299 848 428 921 matris
457 846 555 943 sugit
584 847 709 920 ubera.
765 846 910 919 Exucto
937 866 1029 941 ergo
1057 842 1137 917 aeri
1165 842 1237 941 quis

200 965 303 1037 locus
333 974 389 1036 est
419 985 492 1057 quo
526 983 565 1035 se
594 958 777 1056 recipiat?
832 956 978 1032 Nullus.
1034 956 1125 1031 Non
1157 980 1239 1055 ergo

201 1075 384 1169 exugitur.
424 1073 551 1147 Suetio
568 1095 659 1168 ergo
675 1071 827 1161 nihilne,
843 1070 1000 1167 inquies,
1018 1068 1129 1165 agit?
1166 1070 1239 1143 Imo

201 1189 370 1263 multum.
423 1187 519 1259 Nam
536 1185 584 1258 ab
600 1183 665 1258 illa
679 1186 734 1274 fit,
750 1183 882 1282 primo,
899 1196 944 1257 ut
958 1183 1068 1257 labra
1082 1181 1240 1281 sugentis

203 1304 252 1377 ad
269 1301 402 1376 collum
419 1298 552 1395 phialae
568 1298 621 1372 itu
637 1310 739 1372 arcte
755 1296 970 1386 adhereant,
986 1310 1125 1371 utnon
1140 1295 1240 1371 facile

204 1416 437 1500 divellantur,
458 1412 657 1509 incipiente
675 1410 920 1507 disjunctione
936 1411 983 1485 ab
1001 1410 1148 1483 ambitu
1159 1431 1240 1483 eon·

205 1540 327 1604 tactus
344 1528 537 1601 exteriore.
587 1523 769 1613 Secundo,
786 1527 831 1598 fit
848 1523 1026 1623 sugendo,
1043 1537 1088 1598 ut
1104 1546 1170 1597 uer
1184 1520 1239 1619 qui

204 1652 260 1716 est
285 1642 383 1714 intra
405 1639 577 1736 phialam,
598 1649 755 1713 conetur
776 1661 843 1735 per
863 1662 944 1712 eam
965 1649 1115 1734 partem
1137 1636 1238 1723 exire,

204 1755 269 1828 ubi
291 1756 468 1828 suctionis
491 1766 547 1827 est
568 1752 727 1843 initium,
754 1752 824 1825 hoc
847 1765 916 1841 est,
946 1774 1016 1849 per
1035 1751 1172 1849 phialae
1192 1772 1237 1823 os.

204 1868 334 1963 Itaque
352 1890 416 1939 ore
433 1864 565 1962 phialae
582 1864 948 1961 quantulumcunque
969 1865 1009 1939 in
1026 1888 1165 1961 uquam
1180 1864 1239 1939 im·

204 2003 338 2069 merso,
366 1978 396 2051 si
426 1988 580 2052 conatus
607 1977 701 2051 aeris
731 2001 841 2074 quem
870 1977 983 2051 habet
1011 2002 1036 2051 a
1068 1979 1238 2065 suctione,

205 2094 325 2190 major
342 2093 392 2166 sit
410 2115 520 2188 quam
536 2090 592 2163 vis
610 2114 683 2187 qua
698 2113 795 2187 aqua
810 2090 984 2187 gravitat,
1001 2091 1239 2165 necessarium

203 2219 274 2296 est,
286 2218 329 2280 ut
345 2229 409 2279 aer
425 2228 558 2301 aquam
574 2215 772 2301 penetrans
788 2213 907 2293 exeat,
920 2217 960 2277 et
975 2204 1016 2277 in
1029 2203 1156 2278 locum
1172 2207 1239 2301 ejus

206 2318 381 2394 ascendut
415 2342 520 2414 aqua,
556 2316 673 2390 donec
706 2317 743 2388 vi
782 2316 960 2390 auctionis
999 2316 1238 2406 decrescente,

205 2443 360 2507 conatus
394 2432 488 2504 aeris
520 2429 567 2503 ad
597 2429 817 2519 exeundum,
845 2440 884 2502 et
916 2454 1023 2526 aquae
1054 2430 1104 2504 ad
1134 2432 1240 2504 subsi-

207 2546 381 2633 dendum,
400 2546 491 2617 fiant
509 2542 678 2640 aequales.

260 2658 309 2730 B.
337 2657 440 2730 Nihil
474 2656 711 2752 probabilius.
776 2655 845 2728 Dic
874 2656 965 2729 mihi
996 2681 1109 2747 nunc,
1142 2681 1239 2755 quan

207 2794 355 2844 causam
402 2769 514 2842 habet
562 2769 616 2841 vis
663 2769 726 2842 illa
773 2767 1008 2862 admirabilis,
1054 2794 1130 2867 qua
1168 2772 1240 2869 piloe

206 2883 400 2981 plumbeae,
426 2881 483 2954 vel
507 2881 618 2953 etiam
642 2881 799 2977 sagittae,
822 2883 1044 2957 emittuntur
1073 2909 1095 2958 e
1121 2885 1240 2958 fistulis

205 2995 277 3069 illis
302 3018 391 3091 quos
421 2993 608 3089 appellant
631 2994 812 3089 sclopetos
843 3007 1068 3083 ventaneos;
1098 3023 1242 3095 quorun

208 3108 384 3182 fabricam
409 3131 517 3179 nemo
549 3105 626 3179 fere
652 3107 771 3181 nescit
797 3131 924 3181 eorum
952 3111 1016 3206 qui
1043 3111 1242 3186 conversari

208 3221 329 3296 solent
348 3246 432 3294 cum
450 3219 688 3316 philosophis.

259 3336 307 3409 Α.
336 3335 527 3430 Sclopetus
551 3346 763 3422 ventaneuS,
786 3346 830 3408 ut
856 3347 895 3408 et
923 3337 1096 3412 machina
1121 3350 1242 3426 vestm,

207 3448 300 3522 duos
320 3449 431 3522 habet
455 3460 601 3522 ventres
624 3459 661 3522 et
686 3458 880 3522 suctorem.
933 3450 1112 3525 Machina
1133 3468 1244 3526 vestra

208 3563 373 3636 foramen
391 3562 503 3635 habet
521 3586 605 3634 cum
623 3560 801 3634 clavicula
824 3562 861 3634 in
879 3563 1065 3636 ventrium
1085 3566 1244 3639 commis

209 3699 321 3757 sura;
350 3675 414 3746 sed
445 3674 629 3770 sclopetus
655 3673 715 3746 hic
741 3674 780 3745 in
806 3675 1048 3749 commissura
1070 3680 1245 3753 ventrium

206 3789 374 3862 foramen
400 3787 513 3859 habet
544 3811 628 3859 cum
655 3785 811 3874 vulvula,
836 3811 945 3883 quam
972 3812 1036 3861 aer
1059 3814 1083 3863 a
1110 3803 1245 3864 suctore

208 3902 376 3974 incussus
393 3898 502 3972 facile
520 3900 699 3995 aperiens
718 3903 832 3975 intrat
849 3901 887 3972 in
911 3914 1080 3976 ventrem
1106 3905 1246 3978 ulterio-

207 4038 298 4102 rem,
317 4025 356 4085 et
373 4037 441 4108 pro
460 4013 619 4086 maxima
636 4015 671 4086 vi
697 4038 770 4109 qua
787 4014 953 4087 incussus
978 4015 1100 4090 fuerat
1118 4019 1247 4091 exitum

207 4137 355 4200 tentans
375 4126 645 4216 circumcurrit,
657 4127 776 4200 donec
795 4152 864 4223 ope
877 4127 1026 4223 lingulae
1040 4128 1128 4204 dato
1142 4133 1246 4217 exitu,

207 4263 274 4337 per
303 4241 443 4313 ventris
477 4240 661 4313 ulterioris
695 4239 850 4313 fundum
881 4253 1061 4338 erumpat,
1087 4242 1248 4317 tantari

209 4367 385 4449 quantam
410 4353 515 4426 multi
543 4365 580 4426 et
604 4353 715 4426 validi
739 4354 833 4427 ictus
860 4355 1018 4428 suctoris
1047 4358 1246 4430 conferunt.

208 4468 339 4561 Itaque
357 4467 490 4539 mirum
508 4479 673 4553 nonest,
700 4466 729 4539 si
760 4467 872 4561 pilam
900 4467 1016 4541 exitui
1047 4471 1247 4568 oppositam

208 4601 274 4675 per
292 4580 381 4652 satis
398 4579 549 4675 longum
570 4580 728 4675 spatium
746 4579 879 4676 ejiciat.
