2618 5092
340 655 619 709 aaosnnurrr
639 656 833 709 rnrsrcA.
1037 640 1109 718 347

56 836 92 900 et
107 824 220 922 quasi
245 823 505 899 dubitabunda
525 835 653 915 staret,
672 825 737 899 scd
762 849 839 899 uon
866 823 951 898 diu·
977 822 1110 897 deinde
1165 850 1225 890 cn>

57 936 181 1012 subito
212 948 253 1012 et
275 937 455 1012 velociter
483 950 730 1036 procurreret,
753 937 873 1012 donec
895 962 919 1012 a
939 937 1110 1011 scabritie
1125 918 1226 1083 DQ]

57 1051 265 1147 pavimenti
282 1062 524 1125 everteretur.

106 1165 158 1238 A.
185 1165 401 1294 Antequam
418 1164 669 1262 relinquamus
694 1188 838 1254 navem,
856 1163 917 1238 dic
940 1164 1030 1237 mihi
1048 1165 1113 1260 qui

59 1279 103 1352 lit
131 1288 178 1351 ut
206 1277 345 1374 exigno
368 1276 620 1375 gubernaculo
644 1278 806 1353 maxima
827 1279 931 1353 navis
954 1302 977 1352 a
1003 1302 1114 1352 cursu

60 1415 127 1466 suo
146 1388 384 1465 deflectatur.

110 1503 163 1578 B.
191 1503 236 1577 Id
253 1504 300 1577 fit
315 1527 392 1577 non
410 1502 489 1577 solo
501 1503 766 1601 gubernaculo.
818 1503 934 1577 Navis
947 1527 970 1577 a
983 1505 1115 1600 guber·

63 1615 197 1691 nacnlo
212 1616 253 1689 in
265 1640 363 1713 aqua
372 1627 570 1713 stagnante
583 1617 752 1690 converti
762 1641 836 1691 nou
848 1628 983 1713 potest,
994 1641 1113 1714 neque

63 1729 100 1803 in
116 1752 217 1826 aqua
232 1729 452 1805 naturaliter
464 1731 684 1827 profluente,
698 1731 810 1805 modo
827 1730 932 1804 navis
949 1730 1067 1804 libera
1076 1743 1114 1805 et

64 1841 184 1916 soluta
201 1841 260 1917 sit.
314 1843 418 1941 Opus
436 1856 493 1918 est
509 1845 717 1941 profluente
739 1844 898 1942 pervim
921 1856 1114 1918 externam

65 1955 121 2029 vel
136 1957 241 2031 venti
255 1956 315 2031 vel
326 1981 525 2031 remorum.
563 1958 607 2032 ln
624 1958 691 2031 tali
707 1958 915 2055 profluente
932 1958 963 2031 si
980 1959 1114 2054 guber-

64 2069 238 2143 naculum
261 2069 311 2144 ad
333 2094 467 2168 aquam
492 2070 679 2145 labentem
706 2096 729 2146 a
754 2095 866 2169 prora
887 2070 936 2144 ad
960 2073 1115 2169 puppim

66 2181 210 2279 oblique
227 2194 412 2270 teneatur,
431 2183 529 2257 actio
547 2208 655 2280 aquae
671 2185 710 2257 in
735 2186 854 2282 ipsum
877 2183 1116 2281 impingentis

67 2318 139 2369 nou
162 2295 316 2393 obliqua
338 2296 421 2386 erit,
439 2297 516 2385 sed,
534 2309 577 2371 ut
600 2321 713 2395 supra
730 2310 919 2372 ostensum
945 2310 1013 2386 est,
1031 2322 1114 2393 per-

67 2407 339 2503 pendicularis:
366 2409 465 2482 uude
490 2432 641 2484 necesse
669 2423 727 2485 est
753 2424 796 2485 ut
823 2411 926 2485 navis
954 2435 978 2484 a
1007 2434 1117 2484 cursu

69 2521 296 2612 deflectatur,
314 2535 426 2618 atque
443 2523 497 2596 ita
515 2523 734 2599 deflectatur
750 2538 792 2598 ut
809 2548 920 2622 prora
931 2523 1062 2598 tendat
1079 2524 1118 2597 in

69 2657 143 2708 eam
161 2634 356 2732 regionem
373 2634 422 2708 ad
440 2658 550 2731 quam
568 2635 826 2711 inclinatoria
843 2661 967 2735 puppe
984 2638 1118 2733 guber-

69 2748 251 2823 naculum.
288 2748 594 2823 Animadvertisti
605 2749 731 2840 credo,
745 2751 784 2825 in
799 2751 950 2824 flumine
960 2751 1119 2839 Tamesi,

69 2863 198 2959 exigna
215 2860 387 2958 qnaedam
405 2861 632 2936 descendere
649 2864 800 2960 navigia
816 2888 839 2936 a
855 2865 1024 2961 partibus
1043 2864 1120 2934 Au-

68 2973 147 3070 glioe
163 2973 470 3060 occidentalibus,
483 2997 551 3071 per
566 2974 705 3049 fiumen
719 2975 885 3048 nondum
902 2975 955 3048 ita
967 2975 1120 3072 profun-

69 3086 152 3162 dum
169 3100 217 3161 ut
233 3110 350 3184 prope
367 3087 519 3160 urbem:
547 3111 704 3185 quorum
723 3088 974 3185 gubernacula
990 3089 1123 3161 latiora

68 3201 182 3275 multo
200 3213 290 3274 suut
308 3224 418 3297 quam
437 3201 688 3297 gubernacula
702 3202 945 3275 maximarum
959 3202 1121 3276 navium.

70 3314 192 3391 Quare
210 3313 297 3402 hoc,
316 3314 386 3388 nisi
403 3325 446 3387 ut
471 3338 605 3412 aquam
621 3317 779 3389 multam
804 3315 1020 3404 sustineant,
1039 3339 1123 3410 quae

68 3427 210 3502 innon
236 3426 421 3524 profundo
447 3428 600 3502 flumine
627 3429 902 3526 intercipienda
926 3440 984 3503 est
1006 3453 1123 3526 prope

67 3565 174 3639 aquae
191 3539 426 3636 superficiem
442 3539 454 3612 i

114 3655 166 3727 A.
195 3652 294 3728 Quae
311 3676 422 3726 cansa
439 3664 496 3726 est
513 3651 637 3725 nivis?

116 3766 168 3842 B.
196 3766 339 3841 Eadem
371 3790 494 3862 quam,
523 3790 608 3839 cum
637 3766 875 3863 loqueremur
899 3767 945 3841 de
973 3767 1122 3857 duritie,

68 3879 246 3979 supposui
263 3902 331 3975 pro
346 3902 456 3952 cansa
474 3877 637 3953 duritiei.
674 3881 802 3953 Motus
821 3881 920 3954 euim
939 3879 999 3953 ille
1013 3905 1124 3976 quem

68 3993 246 4092 supposui
264 3993 303 4066 in
321 3993 454 4066 tellure
468 4004 507 4065 et
519 3992 596 4066 sole
607 4017 732 4067 aerem
745 3995 1010 4091 rejicientibus,
1022 4019 1123 4088 mag-

69 4134 156 4183 num
170 4107 270 4182 aeris
289 4119 464 4181 conatum
484 4107 597 4180 efficit
615 4132 637 4179 a
655 4108 758 4181 Zona
775 4107 936 4180 Torrida
950 4108 1123 4202 utrinque

71 4247 198 4297 versus
217 4221 334 4319 polos.
387 4221 462 4296 nui
485 4245 549 4294 aer
579 4244 646 4316 per
671 4223 788 4295 nubes
812 4221 978 4295 nondum
1002 4220 1124 4315 gravi-

72 4336 240 4411 dissimas
259 4335 454 4424 transiens,
473 4334 651 4431 guttulas,
669 4359 715 4408 cx
734 4335 866 4432 quibus
892 4334 1009 4406 nubes
1035 4357 1123 4405 con-

73 4462 156 4542 stat,
186 4448 354 4525 radendo
389 4448 572 4547 congelat,
603 4448 734 4523 eodem
767 4448 877 4545 plane
909 4446 1019 4520 modo
1050 4469 1123 4542 qno
