2618 5092
264 643 321 696 na
341 643 644 697 mauridomus
665 644 849 699 crucum.
1009 627 1078 693 361

39 810 104 885 ΟΝ
130 812 285 910 aequalis
312 812 374 886 CL
395 812 453 886 vel
483 813 578 898 CM;
612 817 865 911 Jnngaturqne
891 811 973 902 BN,
1002 836 1084 909 quae
1110 833 1239 877 eorsum

39 923 179 999 secabit
195 924 264 998 DL
277 926 316 998 in
333 923 519 1021 diagonali
537 926 601 1000 ΑΟ
618 927 666 1001 ad
676 929 721 1001 Ο.
754 928 923 1000 Ducatur
939 948 1084 1022 qnoque
1125 916 1240 1018 ,Ἦ-

39 1040 110 1112 AK
137 1062 269 1113 secans
297 1038 529 1134 diagonalem
554 1041 619 1114 BD
644 1041 683 1115 in
705 1040 750 1130 V,
770 1053 809 1114 et
835 1039 905 1114 HG
931 1039 971 1112 in
991 1064 1028 1137 q,
1046 1053 1086 1114 et

40 1151 109 1225 BN
125 1151 167 1225 in
184 1177 219 1241 o,
236 1164 275 1226 et
293 1152 519 1248 producatur
535 1151 583 1226 ad
597 1153 661 1226 BC
680 1154 719 1227 in
737 1177 782 1227 ro.
820 1153 890 1226 Per
905 1164 1085 1248 punctum

40 1264 68 1341 Ο
87 1265 249 1340 ducatur
265 1278 369 1339 recta
387 1266 447 1339 RS
466 1266 638 1362 parallelo
657 1267 731 1356 ΒΟ,
750 1288 879 1341 secans
896 1267 963 1339 AB
981 1267 1020 1340 in
1039 1267 1084 1354 R,

40 1388 73 1453 et
90 1378 159 1452 ΟΒ
177 1379 217 1453 in
236 1379 274 1468 S,
291 1376 520 1476 duceturque
537 1380 598 1453 AS
617 1403 744 1454 secans
763 1381 822 1453 ΒΕ
840 1381 879 1453 in
897 1405 932 1470 ιι,
948 1391 985 1454 et
998 1404 1083 1476 pro-

40 1491 197 1565 ducatur
213 1491 262 1566 ad
278 1491 428 1566 ductam
446 1491 534 1566 DM.
587 1493 817 1568 Producatnr
842 1494 931 1568 item
951 1494 1013 1568 RS
1037 1494 1085 1568 ad

40 1604 196 1679 eandem
210 1604 287 1679 DM
305 1605 344 1678 in
361 1604 402 1678 Z.

417 1803 661 1856 PROPOSITIO
682 1805 709 1856 1.

84 1929 276 2005 Producta
291 1930 353 2004 AS
370 1931 508 2006 incidet
524 1932 564 2005 in
581 1933 635 2006 M.

89 2042 278 2118 Quoniam
296 2043 394 2116 enim
412 2044 568 2140 angulus
587 2044 686 2118 ΒΟΝ
704 2057 826 2118 sectus
844 2056 901 2118 est
917 2044 1086 2118 bifariam

41 2155 168 2241 a003
194 2157 265 2229 erit
282 2168 324 2229 ut
343 2156 406 2231 ΒΟ
422 2157 471 2231 ad
487 2158 555 2232 ΟΝ
573 2159 649 2233 sive
668 2158 755 2248 CM,
774 2159 828 2232 ita
854 2159 918 2232 ΒΟ
937 2158 984 2231 ad
1002 2160 1085 2232 ΟΝ.

41 2268 113 2342 Sed
130 2280 174 2342 ut
191 2269 256 2343 ΒΟ
274 2269 323 2342 ad
335 2269 418 2355 ON,
437 2271 490 2343 ita
506 2282 563 2344 est
583 2274 750 2368 (propter
767 2271 956 2367 triangula
974 2271 1086 2361 BOR,

41 2381 139 2455 NOS
169 2381 318 2476 similia)
351 2383 418 2456 ΒΟ
448 2383 497 2458 ad
521 2384 607 2469 OS;
643 2395 683 2457 et
708 2384 795 2480 quia
823 2384 951 2480 auguli
981 2384 1087 2476 008,

41 2495 131 2569 OOS
158 2507 245 2568 sunt
271 2494 441 2591 aequales,
465 2507 576 2569 erunt
599 2521 745 2594 quoque
775 2507 858 2571 tum
881 2509 995 2572 rectae
1020 2499 1087 2588 SZ,

41 2607 112 2699 CS,
131 2607 205 2697 OS,
223 2620 304 2681 tum
323 2607 401 2697 ΒΟ,
417 2607 490 2698 DS,
505 2608 565 2682 SV
581 2609 748 2708 (propter
764 2611 952 2708 triangula
970 2612 1087 2700 KAD,

41 2721 144 2796 KVO
161 2720 310 2811 similia)
335 2721 433 2795 inter
450 2745 489 2795 se
506 2723 676 2818 aequales.
730 2724 856 2799 Quare
879 2737 923 2800 ut
950 2725 1012 2799 ΒΟ
1039 2725 1088 2800 ad

41 2833 107 2907 ΟΝ
120 2832 181 2906 vel
198 2832 284 2922 ΟΜ,
298 2832 352 2906 ita
368 2845 425 2906 est
442 2833 504 2907 DS
522 2834 571 2906 ad
589 2835 658 2909 SC.
710 2836 757 2908 Et
771 2836 1030 2934 componendo
1045 2853 1088 2912 ut

42 2945 102 3020 DS
120 2946 171 3021 ad
187 2946 255 3022 DC
270 2946 346 3021 sive
365 2945 440 3037 ΒΟ,
457 2947 510 3022 ita
527 2961 585 3021 est
602 2949 665 3023 BC
679 2948 727 3023 ad
745 2948 831 3023 ΒΜ.
885 2953 981 3025 Sunt
997 2974 1086 3047 ergo

42 3059 126 3149 BM,
147 3060 209 3134 ΒΟ
229 3059 322 3153 (sive
341 3058 423 3148 ΑΒ)
444 3073 483 3133 et
508 3061 571 3134 DS
589 3065 764 3136 continue
782 3064 1085 3161 proportionales,

42 3172 226 3248 Producta
241 3195 332 3269 ergo
349 3174 411 3247 AS
430 3173 603 3249 transibit
619 3199 687 3271 per
704 3176 759 3249 M.

407 3395 658 3449 PROPOSITIO
679 3398 724 3450 11.

89 3513 207 3586 Recta
222 3513 296 3587 ΒΜ
314 3513 465 3610 aequalis
483 3525 538 3587 cst
555 3515 658 3588 arcui
676 3516 754 3589 BD.

88 3625 258 3699 Ducatur
274 3649 340 3722 per
357 3627 390 3700 Ο
407 3636 511 3700 recta
526 3649 573 3698 ra
586 3627 761 3724 parallelo
779 3628 856 3719 DC,
870 3653 998 3706 secans
1016 3634 1085 3707 AD

42 3737 173 3812 iuret
192 3737 307 3811 Boin
324 3761 356 3810 a.
393 3737 487 3812 Cum
504 3761 593 3835 ergo
610 3740 658 3812 sit
675 3752 717 3814 ut
735 3741 797 3815 DS
814 3741 862 3816 ad
880 3743 938 3817 SC
955 3745 1009 3818 ita
1023 3747 1085 3820 BC

45 3850 175 3944 (idest
198 3849 281 3944 Do)
309 3850 358 3925 ad
382 3850 466 3939 CM,
486 3861 524 3924 et
541 3853 797 3949 componendo
815 3868 858 3929 ut
876 3856 937 3930 DS
955 3857 1003 3932 ad
1020 3858 1086 3932 DC

42 3965 93 4040 ita
119 3963 185 4039 ΒΟ
199 3963 259 4038 vel
287 3963 352 4037 DC
377 3964 425 4038 ad
454 3963 542 4053 BM,
559 3989 626 4062 per
654 3968 950 4063 praecedentem
977 3985 1086 4045 erunt

43 4077 111 4168 Ba,
129 4078 207 4169 ΒΟ,
225 4078 301 4152 ΒΜ
319 4079 494 4151 continue
511 4081 806 4176 proportionales
821 4114 831 4167 ;
850 4093 960 4180 atque
973 4085 1084 4158 etiam

43 4213 166 4267 aarum
183 4191 374 4295 potentiae,
391 4215 524 4289 nempe
540 4195 708 4289 potentia
731 4196 798 4284 Ba,
816 4199 985 4292 potentia
1009 4196 1084 4287 ΒΟ,

43 4305 209 4402 potentia
233 4306 308 4379 ΒΜ
326 4319 437 4380 erunt
453 4308 630 4381 continue
654 4309 958 4405 proportionales.
1011 4310 1086 4388 Sed

43 4419 209 4514 potentia
243 4419 305 4493 ΒΟ
339 4418 452 4517 tripla
486 4430 543 4493 est
579 4421 757 4518 potentiae
792 4420 853 4495 CL
887 4422 963 4496 sive
998 4423 1083 4495 CM.

45 4530 166 4609 Quare
182 4534 363 4632 potentias
385 4545 568 4609 rectarum
588 4534 656 4621 Βιι,
676 4532 749 4626 ΒΟ,
769 4536 842 4609 ΒΜ
860 4537 1002 4611 suntin
1027 4561 1084 4610 ra-
