2618 5092
332 629 513 684 cunnmo
534 629 727 700 spamam,
747 631 836 685 uro.
1032 614 1104 679 519

340 907 397 960 Au
416 907 756 962 PROPOSITIONEM
777 909 823 960 11.

107 1034 153 1106 ln
171 1032 209 1123 ii,
220 1044 263 1106 ut
281 1057 380 1107 nunc
398 1034 510 1125 edita,
522 1036 694 1110 inventus
712 1048 770 1109 est
784 1036 938 1131 sphaerae
956 1032 1105 1130 aequalis
1124 1063 1166 1104 sn
1182 1063 1239 1101 pao

58 1148 198 1221 cubus:
225 1147 296 1221 nisi
324 1159 362 1220 et
391 1148 487 1221 hanc
510 1148 756 1222 confutaverit
772 1147 973 1221 Professor.
1024 1146 1106 1217 Tri·
1149 1135 1239 1166 ἥ

57 1261 254 1357 umphabit
269 1273 406 1348 tamen,
423 1260 522 1357 quod
540 1261 610 1334 nisi
634 1261 696 1335 ille
716 1261 884 1358 'priorem
909 1259 1107 1355 reprehen-

58 1375 186 1463 disset,
203 1398 227 1446 a
243 1398 302 1447 me
321 1374 493 1447 inventus
518 1399 594 1447 non
619 1375 760 1448 suisset.
811 1375 861 1447 Et
877 1373 1056 1469 profecto,
1075 1372 1106 1444 si

57 1487 132 1577 ille,
143 1499 339 1584 postquam
355 1511 518 1560 errorem
536 1512 660 1560 meum
673 1486 882 1576 detexisset,
896 1487 1006 1560 etiam
1028 1510 1109 1558 cor-

58 1601 227 1686 rexisset,
246 1599 358 1673 idest
376 1600 459 1673 cubi
479 1600 526 1672 ad
544 1600 725 1696 sphaeram
749 1601 931 1674 rationem
949 1599 1110 1672 invenis-

59 1725 129 1803 set,
160 1712 199 1786 in
226 1724 371 1809 partem
395 1713 554 1809 aliquam
577 1712 687 1808 hujus
714 1713 832 1786 laudis
850 1714 975 1786 venire
999 1724 1108 1808 potu-

46 1827 159 1899 ·isset.
205 1825 278 1899 Sed
294 1825 348 1897 illi
366 1824 591 1920 impossibile
609 1825 681 1898 hoo
695 1838 785 1915 erat,
799 1837 997 1922 propterea
1011 1824 1110 1920 quod

58 1940 241 2013 rationem
272 1939 460 2012 inventam
485 1937 614 2012 circuli
644 1938 693 2012 ad
720 1939 953 2035 quadratum,
980 1951 1019 2012 et
1047 1939 1110 2012 de-

59 2063 317 2141 monstratam,
335 2051 542 2148 intelligere
560 2075 635 2124 non
652 2053 786 2148 potuit.

109 2167 155 2239 ln
173 2165 488 2240 demonstratione
511 2165 683 2239 secundae
706 2165 968 2263 propositionis
984 2165 1106 2262 priore

62 2281 243 2353 confiteor
262 2302 322 2352 me
348 2302 501 2352 errasse.
554 2278 630 2352 Sed
652 2302 815 2352 errorem
842 2279 972 2375 quem?
1024 2278 1111 2350 Non

61 2393 125 2490 qui
142 2391 318 2465 avitiosis
335 2391 527 2488 principiis
540 2404 642 2465 ortus
656 2404 789 2465 caetera
806 2392 932 2465 omnia
945 2416 1110 2465 corrum-

59 2514 178 2602 peret,
204 2505 299 2577 sicut
324 2505 408 2578 ille:
435 2527 505 2578 nec
531 2507 577 2579 ab
604 2506 814 2602 ignorantia
839 2507 1110 2602 problematum

61 2617 432 2692 eminentissimorum
450 2642 533 2714 quae
555 2618 809 2694 demonstrata
826 2631 913 2693 suut
926 2622 1005 2717 jam
1023 2618 1111 2692 olim

60 2732 108 2805 ab
126 2729 349 2803 Archimede
374 2731 529 2826 aliisque
546 2733 748 2806 veteribus:
777 2734 843 2806 sed
863 2734 910 2806 ab
933 2757 989 2823 eo,
1013 2734 1114 2830 quod

61 2869 147 2919 cum
165 2843 329 2917 viderem
351 2857 532 2940 quantum
550 2846 722 2942 quadrati
746 2845 878 2921 uusT
900 2859 982 2920 erat
1008 2860 1114 2919 extra

62 2957 242 3032 circulum
256 2957 398 3044 Bono,
412 2959 646 3033 tantumdem
661 2960 790 3033 circuli
804 2981 884 3033 esse
899 2971 1006 3032 extra
1024 2984 1113 3054 qua-

62 3072 225 3160 dratum,
243 3070 498 3167 contemplans
515 3071 626 3169 plaua
642 3073 681 3145 in
699 3071 860 3160 sublimi,
875 3074 1113 3169 pronuntiavi

62 3184 226 3258 securius
249 3206 361 3278 quam
386 3184 552 3280 oportuit
574 3183 673 3258 idem
699 3184 746 3258 de
769 3186 916 3281 sphaera
941 3196 979 3258 et
1006 3186 1112 3260 cubo.

63 3299 195 3392 Neque
213 3308 270 3370 est
287 3321 353 3370 our
370 3297 584 3371 erubescam
602 3298 772 3371 confiteri
793 3320 957 3371 errorem
976 3323 1111 3387 meum,

62 3434 174 3507 quem
192 3410 335 3484 correxi
352 3410 443 3507 ipse.
495 3411 616 3484 Facile
633 3421 715 3483 erat
738 3432 815 3483 non
836 3410 947 3484 modo
965 3409 1112 3486 Profes-

63 3523 150 3613 sori,
168 3523 235 3596 sed
251 3523 363 3596 etiam
376 3523 527 3597 cuilibet
543 3523 721 3596 mediocri
737 3533 938 3620 geometrae
951 3526 1015 3621 qui
1032 3527 1112 3600 ani-

63 3660 165 3709 mum
192 3635 240 3709 ad
268 3636 497 3732 diagramma
523 3636 737 3734 applicaret,
761 3661 987 3734 cognoscere
1013 3641 1113 3736 quod

63 3749 214 3847 planum
232 3774 299 3847 per
310 3750 412 3824 ‘latus
431 3751 491 3824 RS
507 3748 679 3847 quadrati
698 3749 841 3837 uRsT,
852 3751 892 3823 in
908 3753 972 3848 fig.
990 3754 1004 3826 i
1022 3754 1113 3827 duc-

64 3875 157 3952 tum,
183 3862 367 3937 abscindit
392 3888 414 3937 a
438 3864 586 3960 sphaera
610 3887 686 3937 non
711 3862 869 3939 solidum
895 3866 963 3939 sub
987 3867 1058 3940 QR
1075 3880 1114 3941 et

64 3978 175 4073 plano
194 3977 285 4066 Pcu,
303 3978 370 4050 sed
392 3978 545 4075 sphaerae
568 3991 812 4075 segmentum.
864 3979 1005 4052 Mirum
1023 4003 1113 4075 ergo

64 4114 140 4164 nou
159 4103 228 4178 est,
246 4115 315 4164 nec
332 4090 442 4164 laude
459 4090 584 4186 aliqua
599 4092 689 4165 artis
705 4103 771 4165 aut
786 4091 927 4188 ingenii
945 4090 1112 4188 dignum,

64 4204 135 4279 hoc
153 4203 299 4278 vidisse.
351 4204 554 4302 Diligentia
570 4205 649 4279 sola
661 4229 753 4302 opus
771 4216 863 4295 erat,
879 4229 962 4302 quae
979 4206 1114 4279 invidis

65 4317 105 4390 et
134 4317 321 4391 malevolis
351 4339 533 4413 nusquam
562 4318 676 4393 deest.
728 4318 859 4416 Neque
890 4333 1015 4393 tamen
1044 4344 1113 4416 ego

65 4431 263 4529 indiligens
290 4431 441 4505 omnino
465 4455 577 4506 eram.
630 4433 729 4505 Nam
754 4432 866 4506 libelli
893 4434 966 4507 mei
993 4459 1113 4507 exem-

66 4544 184 4642 plaria
201 4568 319 4641 pauca
332 4544 412 4619 sine
425 4543 658 4620 dedicatione
675 4545 715 4619 in
730 4545 1051 4642 publicumemisi,
1070 4561 1113 4621 ut
