2618 5092
378 647 433 699 nn
454 648 624 703 manuni
643 649 781 703 Annis.
1021 634 1094 702 265

85 808 187 884 minari
222 811 449 910 (quanquam
483 815 753 912 phaenomenon
788 815 881 888 illud
923 827 1095 889 constans

84 923 210 1018 nonsit)
228 949 252 998 a
268 926 412 1000 ratione
430 907 590 1001 alienum
607 954 682 1002 non
700 939 767 1016 est,
791 940 828 1002 et
855 928 976 1002 dicere
995 929 1096 1023 quod

81 1032 248 1132 aliqnando
275 1062 352 1129 aer,
378 1041 619 1136 eparietibus
646 1041 782 1114 fodinae
805 1042 850 1115 ab
870 1043 971 1115 omni
988 1042 1096 1114 simul

81 1159 162 1237 perte
192 1149 346 1238 efflatus,
380 1153 630 1226 velocissimus
659 1165 696 1226 et
725 1154 903 1250 oppositis
936 1155 1096 1227 motibus

80 1255 215 1335 fodinam
238 1263 401 1360 impleat.
464 1265 561 1339 Nam
587 1265 716 1339 cadem
745 1267 870 1340 omnia
899 1279 1098 1364 sequentur

80 1392 142 1465 quae
155 1375 189 1449 in
207 1376 420 1473 recipiente.
482 1378 695 1451 Mirandum
724 1379 839 1475 igitur
865 1404 942 1452 non
972 1394 1040 1470 est,
1067 1379 1098 1453 si

79 1484 204 1561 effectus
221 1489 296 1562 sint
312 1489 508 1585 utrobique
526 1491 674 1565 similes.

117 1599 155 1675 B.
178 1603 343 1677 Extincti
354 1604 466 1676 semel
479 1606 657 1678 carbones
672 1629 739 1678 cur
749 1605 999 1679 reviviscunt?
1050 1606 1098 1680 Et

77 1727 258 1787 cessantem
293 1717 406 1789 semel
435 1718 550 1790 vitam
585 1717 770 1814 quomodo
800 1718 985 1814 recipiunt
1019 1720 1097 1791 ani-

76 1823 187 1898 mla?

114 1938 155 2012 Α.
180 1940 235 2012 De
254 1963 299 2013 ea
312 1964 353 2015 re
368 1941 458 2038 quid
476 1942 640 2017 sentiunt
651 1943 792 2015 vestri?

112 2050 155 2124 B.
180 2052 296 2127 Fuere
314 2078 442 2128 eorum
465 2055 590 2152 aliqui,
609 2057 671 2151 qui
690 2055 908 2129 remansisse
927 2056 1099 2129 dixerunt

72 2153 103 2232 iu
117 2167 330 2240 carbonibus
347 2167 430 2258 illis,
454 2192 665 2265 quanquam
695 2167 849 2241 extincti
867 2167 1098 2258 videbantur,

70 2278 251 2364 particulas
270 2281 446 2377 quasdem
464 2283 604 2379 igneam,
623 2306 706 2378 quae
731 2281 892 2354 admisso
910 2304 993 2354 aere
1011 2304 1100 2354 ven-

68 2386 169 2467 tlatae
186 2404 360 2467 eaeteram
373 2395 507 2468 molem
525 2394 646 2468 denuo
659 2394 920 2468 accenderunt.

107 2502 150 2579 A.
176 2507 246 2581 Nae
263 2507 328 2596 illi,
348 2531 431 2603 quae
445 2507 622 2596 dicerent,
636 2532 711 2580 non
723 2506 895 2580 videntur
905 2506 1099 2602 cogitasse,

64 2618 121 2692 sed
148 2621 298 2693 sortitos
328 2644 419 2695 esse.
484 2620 633 2694 Credin'
664 2631 718 2708 tu,
735 2620 773 2693 in
798 2621 957 2692 carbone
982 2619 1101 2716 ignito

61 2743 195 2822 partem
210 2733 371 2830 aliquam
389 2759 465 2808 non
482 2735 692 2821 carbonem,
710 2732 775 2806 sed
794 2733 917 2829 ignem
930 2756 1020 2822 esse,
1035 2745 1101 2806 aut

60 2839 95 2917 in
111 2845 292 2919 candente
309 2846 408 2920 ferro
429 2858 573 2943 partem
589 2846 710 2919 inesse
735 2845 835 2942 quod
862 2845 1001 2918 ferrum
1024 2871 1100 2920 non

59 2958 116 3053 sit,
128 2959 193 3033 sed
211 2959 335 3056 ignis?
387 2961 445 3033 Ab
459 2961 569 3034 unica
586 2959 747 3033 scintilla
763 2983 907 3055 magnae
924 2960 1026 3032 urbis
1044 2961 1101 3032 in-

58 3071 226 3146 cendium
244 3074 347 3146 nasci
377 3085 511 3170 potest.
563 3074 677 3170 Atqui
703 3073 734 3146 si
764 3072 860 3168 ignis
891 3096 1025 3167 corpus
1053 3075 1100 3145 ab

59 3183 171 3282 ignito
203 3185 388 3259 diversum
405 3188 465 3276 sit,
485 3210 560 3260 non
574 3187 698 3283 plures
714 3197 869 3282 potuere
883 3208 963 3257 esse
976 3197 1102 3281 partes

58 3299 172 3396 igneae
188 3302 228 3374 in
242 3314 323 3375 toto
341 3301 524 3390 incendio,
543 3325 654 3398 quam
670 3301 709 3373 in
722 3324 796 3372 una
810 3299 873 3372 illa
890 3298 1100 3372 scintillula.

58 3413 231 3488 Videmus
253 3437 411 3510 corpora
428 3414 658 3487 diversorum
675 3436 853 3509 generum
870 3436 893 3484 a
909 3411 991 3485 luce
1015 3413 1101 3486 solis

58 3538 214 3625 temper
231 3527 490 3601 refractionem
509 3551 616 3623 quam
629 3550 697 3623 per
706 3527 956 3598 reflectionem
966 3526 1102 3600 factam

58 3639 94 3714 in
122 3640 282 3738 speculis
313 3640 614 3714 comburentibus
641 3639 795 3713 accendi
822 3663 956 3736 posse;
981 3663 1102 3737 neque

57 3766 177 3828 amen
197 3777 407 3851 quenquam
432 3776 511 3826 esse
539 3752 662 3842 credo,
681 3752 745 3849 qui
773 3763 880 3849 putet
902 3753 1104 3849 particulas

59 3867 194 3963 igneas,
212 3891 235 3940 a
253 3866 330 3939 sole
353 3867 500 3962 ejectas,
518 3866 676 3940 transire
703 3889 811 3963 posse
836 3888 902 3962 per
933 3867 1103 3940 substan-

60 3980 145 4054 tiam
164 3979 308 4078 globuli
325 3979 528 4052 cristallini.
581 3979 624 4051 ln
656 4002 740 4052 aere
767 3978 987 4052 intermedio
1008 3978 1104 4073 ignis

60 4094 175 4168 nullus
193 4106 262 4166 est.
315 4092 443 4166 Motus
460 4107 585 4165 autem
602 4092 641 4164 in
659 4092 826 4188 partibus
847 4091 1104 4164 minutissimis

63 4208 219 4305 eorporis
246 4206 526 4295 combustibilis
553 4207 584 4278 si
612 4207 696 4279 talis
724 4207 772 4279 sit
801 4217 842 4278 ut
871 4216 996 4302 partes
1023 4202 1104 4274 illas

63 4321 215 4394 ninutas
231 4320 285 4392 ita
299 4318 452 4414 dissipet
470 4331 507 4391 et
525 4318 683 4413 disjiciat
700 4329 742 4390 ut
759 4342 878 4390 aerem
891 4315 938 4390 ad
956 4314 1104 4387 oculum

65 4435 144 4508 satis
159 4432 310 4507 fortiter
332 4443 492 4518 moveat,
507 4430 627 4504 ideam
645 4431 742 4527 ignis
759 4431 882 4517 faciet,
900 4451 976 4500 non
997 4426 1104 4498 aliter

67 4566 165 4640 quam
191 4544 302 4620 oculo
321 4543 557 4618 vehementer
579 4568 755 4643 percusso
768 4544 825 4618 vel
852 4542 985 4615 fricato
1016 4539 1104 4612 oriri
