2618 5092
213 664 288 733 506
542 674 798 731 unraroarro
817 674 933 731 coar.

19 876 105 919 nor.
119 874 176 917 ιιι.
263 846 420 921 Constat
432 842 535 933 item,
551 842 584 917 si
600 842 641 917 in
658 854 763 917 reeta
777 842 864 935 GH,
881 864 966 939 qum
981 850 1042 917 eat
1058 832 1174 939 dupla
1188 840 1255 933 ct,

25 944 173 981 ’ῳ
213 971 382 1034 sumatur
397 958 458 1057 cp
474 982 559 1055 qnae
575 958 625 1031 sit
650 954 765 1055 dupla
780 956 860 1041 aa
884 978 972 1029 oum
998 954 1051 1031 (li
1078 956 1130 1031 ait
1156 954 1257 1053 ‹lnplr

213 1074 288 1159 zm
314 1085 475 1169 quatuor
491 1084 611 1146 rectas
628 1070 714 1161 GH,
730 1070 790 1157 Gi,
800 1066 874 1169 Gp,
887 1066 965 1162 Ge,
985 1092 1070 1145 esso
1092 1070 1257 1145 continue

213 1184 521 1285 proportionales.
573 1184 706 1281 ltaque
731 1182 856 1281 posito
883 1183 1024 1258 cubum
1043 1206 1070 1259 a
1091 1182 1164 1257 GH
1188 1206 1257 1257 me

214 1310 277 1390 64,
295 1300 412 1373 cubus
428 1322 453 1371 a
467 1296 516 1372 Gi
532 1297 602 1371 erit
620 1307 681 1387 32,
700 1296 817 1371 onbus
833 1320 857 1371 a
872 1296 933 1395 (ἔρ
954 1304 1013 1387 16,
1028 1296 1149 1371 eubns
1164 1321 1189 1371 a
1202 1296 1259 1372 (lc

215 1422 252 1501 8,
265 1414 381 1487 cubus
397 1436 421 1485 a
436 1410 488 1485 Za
501 1421 538 1500 4,
550 1412 667 1485 cubus
679 1410 728 1486 ab
742 1408 788 1485 eb
806 1412 842 1501 2,
855 1412 972 1484 cubus
988 1434 1015 1485 a
1030 1410 1076 1485 kt
1090 1410 1150 1483 vel
1161 1410 1219 1483 Al
1232 1418 1257 1483 l.

266 1528 372 1615 Item,
389 1525 572 1623 sphaeram
589 1524 712 1598 medio
739 1525 821 1599 loeo
844 1524 1167 1622 proportionalem
1188 1548 1258 1597 esse

215 1638 314 1713 iuter
330 1638 468 1713 cubum
480 1662 505 1712 a
521 1638 577 1712 sui
596 1638 710 1735 ipsius
728 1637 923 1726 diametro,
937 1650 976 1711 et
989 1639 1131 1712 onbum
1146 1662 1170 1711 a
1181 1662 1258 1734 qua·

215 1752 349 1826 drante
365 1751 555 1849 perimetri
573 1749 703 1825 circuli
720 1750 777 1824 sui
797 1749 959 1825 maximi.

265 1866 374 1954 Item,
391 1864 511 1939 latera
537 1865 702 1961 quinque
730 1864 934 1960 figurarum
963 1862 1192 1961 regularium
1215 1860 1259 1952 (ru

215 1979 286 2053 hac
302 1980 423 2075 ligura
436 1978 476 2071 ii)
488 1977 768 2073 distinguuntur
780 1977 877 2051 sieut
893 1977 1076 2075 seqnitur.
1128 1976 1169 2052 Si
1184 2002 1259 2050 cen·

211 2104 275 2169 tro
293 2092 333 2182 P,
351 2091 545 2166 intervallo
568 2090 630 2165 ΡΥ
647 2091 708 2163 vel
728 2089 807 2179 Pu,
834 2091 1071 2165 describatur
1098 2090 1260 2180 circulus,

215 2206 313 2280 latus
330 2204 531 2301 pentagoni
544 2203 683 2278 circulo
699 2204 787 2278 hinc
805 2203 1067 2301 inseriptierit
1083 2205 1180 2279 latus
1196 2205 1260 2278 ieo

216 2318 363 2394 sahedri
392 2318 561 2414 inscripti
591 2316 745 2414 sphaeroe
769 2319 876 2414 eujus
905 2317 1090 2393 diameter
1117 2332 1174 2393 est
1200 2318 1261 2405 00,

214 2418 385 2505 'centrum
399 2431 424 2504 l.
478 2431 574 2504 Nam
588 2431 810 2527 quadratum
827 2433 874 2505 ab
891 2432 955 2505 YP
971 2433 1032 2506 vel
1048 2432 1115 2508 ΡΩ
1131 2431 1262 2526 aequale

217 2560 274 2619 est
291 2545 452 2641 quinque
478 2543 668 2640 quadratis
692 2568 714 2617 a
735 2544 865 2641 quinta
885 2557 993 2643 parte
1018 2545 1190 2620 diametri
1212 2546 1262 2617 Oo

216 2658 274 2731 vel
293 2655 368 2733 GC.
412 2656 505 2731 Cum
522 2657 621 2731 enim
638 2656 897 2754 quadratuma
915 2656 979 2734 GC
997 2658 1143 2756 aequale
1160 2659 1206 2732 sit
1218 2666 1261 2731 25

217 2770 407 2869 quadratis
434 2797 457 2843 a
483 2772 613 2868 quinta
640 2772 697 2845 sui
724 2784 842 2868 parte,
870 2772 1097 2869 quadratum
1125 2773 1172 2845 ab
1198 2771 1264 2845 ΥΟ

214 2885 358 2987 ,ειιιιιιίθ
381 2884 453 2958 erit
470 2894 519 2959 20
547 2885 737 2983 quadratis
766 2910 789 2959 a
812 2886 943 2982 quinta
968 2900 1079 2983 parte
1105 2884 1264 2983 ejusdem

218 2998 282 3072 GC
299 2997 356 3071 vel
374 2999 442 3073 Oo.
468 2999 568 3094 Ergo
586 2998 806 3095 quadratum
825 3001 872 3073 ab
886 2999 948 3072 YP
965 2999 1025 3073 vel
1046 3000 1125 3089 Pu,
1139 3021 1263 3093 nempe

218 3123 350 3208 quarta
375 3135 460 3208 pars
484 3111 656 3207 quadrati
686 3113 733 3185 ab
753 3109 836 3202 YQ,
855 3111 998 3209 aequale
1026 3125 1084 3186 est
1109 3114 1264 3211 quinque

215 3225 410 3327 ,quadratis
422 3250 446 3298 a
461 3225 591 3321 quinta
608 3237 713 3321 parte
734 3225 904 3298 diametri
921 3226 991 3299 00.
1045 3227 1172 3300 Quare
1188 3226 1265 3321 (per

216 3339 322 3412 Eucl.
349 3339 425 3412 xiii.
459 3340 519 3423 16)
552 3338 650 3410 latus
681 3337 888 3411 ieosahedri
921 3338 1078 3434 sphaerae
1102 3337 1264 3434 inscripti

218 3452 323 3548 cujus
341 3452 521 3525 diameter
538 3462 595 3524 est
612 3451 681 3540 00,
699 3450 838 3549 aequale
855 3462 912 3525 est
935 3452 1046 3525 lateri
1069 3450 1264 3549 pentagoni

217 3564 385 3660 inseripti
403 3564 542 3637 circulo
560 3565 665 3660 eujus
683 3563 863 3638 diameter
877 3575 934 3638 est
952 3562 1039 3655 YQ.

267 3679 382 3751 Latus
400 3679 485 3751 cubi
513 3677 632 3751 eidem
650 3677 804 3774 sphaerae
821 3677 992 3773 inscripti
1009 3689 1066 3752 est
1091 3689 1196 3750 reeta
1212 3677 1264 3750 Ga

217 3791 275 3866 vel
293 3790 350 3881 Οἱ,
364 3816 496 3887 nempe
513 3802 669 3887 tangens
687 3800 736 3865 30
750 3790 934 3886 graduum
951 3790 990 3864 iu
1010 3792 1152 3865 circulo
1167 3792 1263 3885 cujus

218 3904 493 3981 semidiameter
512 3914 567 3976 est
589 3903 663 3978 BC.
715 3904 813 3977 Nam
831 3903 905 3990 BC,
926 3902 1005 3976 sive
1032 3903 1101 3992 Οο,
1119 3903 1263 3999 triplum

217 4029 344 4114 potest
374 4016 561 4113 tangentis
583 4025 631 4090 30
649 4017 844 4113 graduum,
869 4016 1028 4114 ideoque
1052 4018 1136 4113 (per
1163 4016 1262 4088 Encl.

217 4132 295 4206 xiii.
319 4134 378 4224 15)
399 4131 458 4204 Ga
475 4141 531 4203 est
552 4129 650 4203 latus
667 4131 751 4204 cubi
770 4129 937 4226 inseripti
962 4130 1084 4204 eidem
1103 4129 1263 4226 sphaerae.

269 4246 383 4318 Latus
398 4242 644 4318 dodeeahedri
662 4243 701 4316 in
713 4242 842 4316 eadem
857 4241 1004 4340 sphaera
1020 4242 1203 4340 inseripti,
1214 4253 1264 4314 est

217 4360 337 4454 majus
354 4369 585 4454 segmentum
603 4367 715 4430 rectae
733 4356 801 4444 Ga,
819 4355 935 4429 idest
953 4356 1082 4429 lateris
1100 4355 1198 4443 cubi,
1210 4379 1264 4426 en-

217 4484 337 4545 trema
354 4484 392 4545 et
404 4470 527 4543 media
544 4470 688 4544 ratione
705 4470 797 4543 secti
819 4469 901 4565 (per
920 4468 1029 4542 Encl.
1044 4470 1123 4543 xiii.
1147 4470 1220 4563 17).

269 4585 384 4661 Latus
402 4584 604 4660 tetrahedri
623 4585 763 4682 aequale
781 4596 838 4659 est
855 4594 967 4657 rectae
986 4608 1070 4680 qnae
1082 4582 1267 4658 subtendit
