2618 5092
290 636 607 689 narnnuarrcn
628 637 871 690 nonrnaun.
1048 625 1093 692 21

51 817 81 878 et
108 804 335 879 discretam.
406 806 534 900 Itaque
569 817 611 878 ut
645 805 828 879 rationem
862 803 910 878 ad
947 805 1097 902 aliquod
1132 829 1275 873 nasoon

51 919 302 1013 quantitatum
338 942 453 1014 genus
479 918 648 1008 referam,
683 920 868 1015 quantitas
900 918 1097 993 dividenda

50 1033 153 1105 estin
171 1031 387 1105 absolutam
404 1045 443 1104 et
459 1031 660 1104 relativam.
706 1031 886 1105 Absoluta
904 1042 960 1105 est
978 1032 1098 1130 longi·

51 1144 197 1235 tudinis,
215 1144 440 1241 superficiei,
458 1144 564 1217 solidi
592 1145 780 1240 temporiS,
806 1156 941 1236 motus,
965 1169 1032 1242 per
1058 1170 1098 1221 se

50 1257 286 1331 considerata
301 1260 500 1353 quantitas
536 1257 706 1330 Relativa
727 1271 796 1347 est,
827 1282 901 1354 qua
925 1257 1099 1333 determi-

50 1382 157 1444 natur
169 1383 315 1467 quanta
331 1372 380 1445 sit
398 1371 572 1466 quaelibet
590 1370 773 1445 dictarum
790 1372 1097 1467 magnitudinum,

50 1497 89 1556 ut
109 1497 330 1581 comparata
352 1509 437 1558 cum
460 1485 532 1558 alia
560 1484 724 1580 ejusdam
753 1487 910 1582 generis.
954 1486 1098 1560 Deinde

51 1598 217 1672 absoluta
235 1599 424 1694 quantitas
442 1599 586 1671 aliaest
611 1622 818 1694 corporum,
836 1614 878 1672 ut
903 1598 1097 1695 longitudo

52 1712 240 1808 eorporis;
280 1712 354 1786 alia
380 1713 567 1809 temporis,
596 1725 640 1785 ut
668 1710 861 1808 longitudo
896 1713 1096 1808 temporis3

51 1824 119 1898 alia
136 1835 276 1913 motus,
293 1835 338 1897 ut
354 1823 530 1898 velocitas
547 1836 586 1898 et
601 1823 757 1920 pondus.
801 1824 895 1898 ltem
912 1827 1098 1900 rationum

51 1937 121 2011 alia
137 1950 196 2011 est
212 1937 452 2034 geometrica,
469 1937 542 2010 alia
559 1936 803 2010 arithmetica.

98 2051 148 2124 B.
176 2050 316 2146 inquo
347 2074 435 2146 ergo
458 2073 593 2147 genere
614 2050 720 2146 ponis
743 2049 927 2123 rationem
953 2052 1099 2126 numeri

53 2162 344 2237 adnumerum?

99 2277 150 2349 A.
178 2275 378 2349 Rationem
400 2286 476 2348 tam
499 2277 762 2372 geometricam
787 2299 897 2373 quam
925 2276 1099 2350 arithme-

52 2389 163 2462 ticam
181 2389 308 2462 divido
326 2389 363 2461 in
390 2392 573 2463 rationem
590 2390 643 2462 rei
668 2389 828 2478 adrem,
854 2401 892 2463 et
920 2390 1099 2463 rationem

51 2526 176 2576 rerum
202 2502 346 2577 adres.
398 2505 555 2578 Putasne
582 2503 620 2577 in
645 2504 721 2577 ullo
751 2503 823 2576 alio
849 2503 1100 2600 quantitatum

52 2640 187 2713 genere
201 2617 375 2690 collocari
385 2630 556 2714 oportere
569 2617 750 2691 rationem
764 2615 919 2689 duarum
929 2617 1101 2690 ulnarum

52 2729 99 2802 ad
116 2729 210 2803 duos
227 2731 382 2826 palmos,
394 2755 504 2826 quam
522 2731 559 2803 in
579 2754 651 2826 qua
668 2730 869 2803 collocatur
882 2730 977 2804 ratio
990 2730 1099 2803 unius

52 2843 149 2917 ulnae
177 2842 226 2916 ad
252 2842 416 2938 palmum
439 2842 582 2916 unum?
625 2844 704 2917 Aut
729 2845 909 2917 rationem
938 2842 1100 2939 plurium

53 2954 100 3028 ad
115 2956 226 3053 plura
242 2956 353 3029 aliam
370 2979 449 3029 esse
474 2956 634 3053 speciem
657 2957 822 3046 rationis,
854 2981 965 3052 quam
991 2957 1100 3030 unius

54 3068 102 3142 ad
117 3067 263 3143 unum?
312 3069 389 3142 Aut
405 3069 516 3143 aliam
537 3069 685 3165 quidem
703 3093 783 3142 esse
808 3070 1100 3166 speciequuan-

55 3182 172 3256 titatis
191 3194 266 3255 tres
284 3183 403 3270 ulnas,
420 3183 530 3257 aliam
547 3195 671 3256 autem
692 3206 806 3255 unam
827 3181 981 3255 ulnam?
1024 3183 1101 3256 Aut

55 3295 214 3392 denique
241 3295 424 3368 rationem
450 3296 559 3369 unius
584 3295 682 3368 ulnae
705 3294 754 3368 ad
779 3307 853 3368 tres
878 3294 996 3385 ulnas,
1026 3317 1101 3367 nou

55 3407 211 3482 eandem
229 3431 321 3498 esse,
339 3432 450 3504 quam
467 3409 579 3482 habet
596 3432 712 3481 unum
728 3407 776 3481 ad
794 3407 866 3480 tria
880 3405 893 3480 l

105 3519 152 3593 B.
181 3521 278 3595 Sunt
292 3520 440 3616 quidem
453 3521 534 3594 haeo
550 3522 605 3594 ita
618 3521 823 3612 manifesta,
837 3533 881 3595 ut
891 3520 1100 3594 mirandum

55 3634 104 3707 sit
120 3634 360 3708 Aristotelem
382 3636 626 3730 quantitatem
654 3634 851 3708 discretam
880 3635 1100 3708 nominasse.

54 3748 124 3820 Est
150 3748 250 3820 enim
280 3747 374 3820 ratio
398 3748 542 3821 numeri
571 3748 619 3821 ad
647 3772 840 3821 numerum
870 3748 962 3821 nihil
989 3746 1100 3836 aliud,

57 3885 168 3958 quam
192 3861 290 3934 ratio
315 3861 477 3956 partium
500 3861 746 3957 aliquotarum
774 3861 990 3957 quantitatis
1016 3884 1104 3934 oon·

56 3975 171 4048 tinuae
189 3974 238 4047 ad
255 3974 471 4070 quantitatis
494 3976 679 4048 continuae
705 3987 827 4070 partes
851 3974 1043 4070 aliquotas,
1064 3986 1103 4046 et

57 4089 156 4161 inter
185 4112 225 4160 se
256 4100 294 4160 et
315 4088 386 4161 illis
416 4089 586 4182 aequales.
649 4087 791 4183 Itaque,
820 4098 861 4160 ut
892 4111 994 4160 more
1019 4079 1129 4159 meo

60 4224 143 4273 cum
178 4200 422 4274 Aristoteliois
460 4201 602 4297 loquar,
646 4200 743 4273 siout
788 4200 889 4273 calor
926 4225 949 4273 a
983 4198 1102 4273 calido

60 4314 253 4401 abstrahit,
281 4314 335 4386 ita
364 4337 538 4387 numerus
567 4313 749 4387 abstrahit
776 4314 823 4386 ab
852 4313 1103 4410 inaequalitate

59 4427 230 4521 partium,
245 4425 334 4499 dum
352 4426 635 4502 considerautur
648 4438 772 4524 partes
787 4450 862 4499 non
877 4427 982 4500 aliter
993 4448 1104 4521 quam

64 4554 242 4634 quatenus
257 4540 394 4636 'plures

1135 913 1275 1018 „L
