2618 5092
283 674 607 729 uernanarma
627 675 872 729 acutarum.
1058 664 1105 731 29

50 842 364 917 rumsubliminm
373 855 498 941 partes
508 867 583 917 non
594 843 683 918 satis
692 845 940 941 percipimus),
952 844 1107 920 infinitae
1147 866 1289 910 nmmum

51 957 175 1031 statim
186 969 380 1054 apparent
390 980 514 1029 rerum
528 955 781 1030 sublunarium
792 958 944 1056 species,
952 982 1107 1054 quarum
1147 949 1289 1053 „L

51 1070 345 1167 magnitudines,
389 1081 525 1157 motus,
568 1070 806 1166 actionesque
831 1070 1107 1144 considerandae

53 1195 147 1259 sunt
192 1185 345 1258 Harum
369 1194 494 1256 autem
520 1182 759 1257 scientiarum
790 1185 942 1258 nomina
971 1185 1028 1258 vel
1059 1186 1107 1258 ab

53 1298 139 1394 ipsis
156 1297 352 1395 subjectis,
365 1296 424 1369 vel
437 1296 484 1369 ab
495 1296 742 1370 eminentibus
755 1298 1002 1393 subjectorum
1017 1322 1108 1394 qua-

53 1410 232 1499 litatibuS,
246 1408 410 1483 derivari
423 1409 566 1493 solent;
593 1419 636 1482 ut
654 1433 736 1505 quae
750 1408 797 1482 de
809 1410 947 1506 plantis
958 1421 1107 1500 tractat,

52 1522 303 1622 phytologi05
330 1522 378 1595 de
396 1522 612 1619 corporibus
629 1523 854 1613 animalium,
876 1524 1108 1609 anatomiam,-

56 1636 101 1709 de
125 1635 282 1724 visione,
311 1634 464 1732 φήσω
491 1633 537 1708 de
562 1636 857 1726 ratiocinatione,
886 1635 1035 1736 logiea;
1061 1638 1108 1712 de

56 1749 219 1823 moribus
230 1748 418 1837 humanis,
436 1746 582 1832 etbieu;
609 1747 655 1821 de
668 1749 828 1836 civitate,
839 1749 1016 1848 politica,
1034 1765 1106 1826 etc.

104 1862 154 1935 B.
182 1861 223 1936 Si
235 1873 382 1935 tantam
396 1860 610 1957 speculandi
624 1864 814 1937 materiam
830 1875 984 1961 praestet
997 1867 1108 1940 unica

56 1974 198 2072 speeies
213 1974 341 2063 homo,
360 1974 509 2070 quando
525 1985 635 2070 putas
653 1976 769 2049 otium
785 1977 894 2050 nobis
912 1977 991 2050 fore
1009 2002 1109 2051 eom·

56 2088 260 2185 templandi
283 2087 466 2163 caeteras?
517 2089 762 2163 Transeamus
776 2092 867 2187 jam,
889 2090 919 2162 si
936 2090 1107 2182 volueris,

57 2202 104 2276 ad
121 2203 244 2299 Caput
260 2203 299 2276 ii.

106 2317 159 2389 A.
184 2315 247 2389 De
278 2314 498 2413 geometria,
534 2325 574 2388 et
609 2314 851 2388 arithmetica
884 2315 1107 2413 speciatim

58 2453 185 2502 earum
214 2427 458 2523 definitiones,
495 2425 652 2522 objecta,
681 2427 893 2525 principia,
929 2437 966 2500 et
993 2431 1108 2526 affee-

60 2543 180 2616 tiomea
188 2569 204 2625 ;
229 2565 365 2638 eaeque
381 2564 468 2613 uere
484 2540 664 2614 scientiae
681 2566 775 2614 ease.

113 2653 156 2727 B.
184 2654 406 2729 Accuratior
427 2654 524 2727 forte
543 2653 614 2727 erit
630 2654 691 2727 hio
709 2678 820 2751 quam
840 2654 879 2727 in
895 2656 1107 2752 praeceden-

60 2768 168 2841 tibus.

108 2881 158 2954 A.
185 2880 272 2954 Non
300 2891 404 2976 puto.
458 2880 678 2953 Geometriae
705 2891 742 2954 et
767 2880 1010 2955 arithmeticae
1039 2884 1106 2955 du-

60 2995 173 3091 plices
189 2995 298 3068 affert
316 2992 562 3082 definitiones,
577 2994 713 3067 alteras
730 2995 778 3067 ab
792 2994 952 3090 objecto,
970 2995 1106 3068 alteras

60 3105 371 3181 aliae-Priori
388 3105 494 3179 modo
512 3105 688 3201 definitur
702 3107 924 3204 geometria,
947 3107 1107 3180 orientia

60 3217 332 3321 magnitudinis
346 3227 529 3315 quatenus
546 3216 820 3292 mensurabilis.

105 3333 156 3408 B.
182 3333 270 3407 Non
296 3342 468 3404 accurate
494 3332 593 3405 hoe?
646 3332 690 3404 In
714 3330 988 3404 definitionibus
1008 3331 1106 3404 enim

60 3445 317 3534 Aristotelicis,
332 3445 479 3541 signnm
496 3468 575 3518 esse
589 3444 683 3518 solet
701 3468 854 3517 summae
871 3455 1018 3536 ἀκριβείας
1034 3470 1105 3520 vox

60 3560 121 3634 illa
132 3568 329 3656 quatenus.
384 3558 481 3630 Nam
494 3568 705 3632 accuratam
719 3557 983 3647 definitionem,
998 3559 1108 3654 juxta

62 3671 308 3760 Aristotelem,
327 3669 463 3744 dietam
480 3695 559 3745 esse
572 3683 720 3767 oportet
733 3695 809 3745 non
822 3670 933 3746 rnodo
952 3671 999 3745 de
1012 3673 1108 3746 omni

61 3798 97 3859 et
107 3810 185 3885 per
200 3808 253 3874 ae,
272 3781 337 3856 sed
356 3783 467 3856 etiarn
485 3793 668 3881 quatenus
685 3783 817 3879 ipsum.

107 3900 157 3972 A.
185 3897 303 3971 Recte
327 3894 367 3968 id
390 3894 538 3990 quidem
556 3896 795 3981 Aristotelem
821 3920 896 3970 non
921 3908 1045 3971 tamen
1068 3899 1106 3972 in

61 4012 160 4085 omni
184 4007 401 4083 definitione
425 4032 470 4081 ea
493 4032 583 4081 voce
600 4008 729 4081 utitur.
783 4009 999 4104 Subjectum
1008 4011 1107 4108 phy-

61 4127 143 4201 ricae
161 4124 253 4198 dicit
271 4121 488 4195 Aristoteles
511 4145 589 4195 esse
612 4145 748 4220 corpur
766 4121 908 4211 mobile,
929 4132 1109 4219 quatenus

61 4237 201 4311 mobile.
255 4234 370 4307 Vides
383 4257 519 4331 corpur
533 4231 665 4307 mobile
682 4233 888 4329 significare
901 4237 1108 4331 subjectum

60 4351 188 4449 ipsum.
242 4349 288 4422 In
320 4370 365 4420 eo
395 4358 519 4419 autem
549 4344 774 4420 considerari
798 4360 953 4443 possunt
979 4347 1107 4436 multa,

62 4489 139 4561 quae
151 4462 330 4561 physicus
343 4484 418 4533 non
433 4460 651 4534 considerat.
706 4459 836 4556 Itaque
850 4471 892 4532 ut
906 4482 997 4555 opus
1013 4460 1107 4557 phy-

60 4578 121 4653 sici
150 4579 190 4652 in
222 4575 304 4665 sola
340 4573 544 4662 mobilitate
577 4571 841 4645 determinaret
877 4572 1108 4662 Aristotelea,
