2618 5092
357 683 419 736 on
438 682 608 737 uacuas
628 682 764 736 naurs.
1006 670 1075 736 281

41 858 154 922 tutem
172 847 239 921 ille
261 846 377 944 (quod
400 850 535 923 attinet
558 849 606 922 ad
620 851 738 923 maria
751 847 957 944 congelata)
973 849 1080 923 facile

41 962 247 1059 roucipitur
270 985 350 1035 esse
366 975 488 1036 motus
504 963 600 1037 aeris
622 965 831 1052 vehemens,
849 985 1025 1036 oceanum
1044 973 1082 1036 et

41 1099 172 1148 :eruam
183 1075 425 1172 undiquaque
436 1076 600 1150 radentis
612 1099 680 1173 per
692 1075 849 1150 circulos
858 1074 1082 1148 meridianos

41 1189 73 1261 in
88 1188 188 1285 polis
207 1187 388 1284 oppositis
405 1202 678 1264 concurrentes.
729 1189 828 1262 Talis
842 1188 941 1261 enim
957 1202 1081 1263 motus

41 1301 130 1374 aeris
147 1324 258 1398 aquae
275 1301 474 1398 particulas
493 1325 652 1376 summas
670 1301 893 1399 protrudens
916 1303 1082 1399 compin-

41 1416 104 1512 git,
120 1413 163 1488 id
177 1425 246 1505 est,
264 1426 384 1488 totam
405 1415 494 1489 facit
516 1416 723 1489 duriorem:
751 1415 930 1512 simulque
952 1439 1082 1488 unam-

41 1551 222 1624 quamque
239 1528 494 1624 particulam
511 1539 639 1603 centro
658 1541 767 1602 terrae
785 1529 901 1625 magis
918 1540 1084 1602 removet

42 1664 151 1737 quam
181 1652 323 1737 quanta
349 1653 405 1715 est
429 1651 539 1716 terrae
573 1641 853 1716 semidiameter.
923 1641 1082 1716 Necesse

42 1776 128 1851 ergo
154 1766 214 1828 est
229 1754 297 1828 tali
321 1767 424 1828 motu
451 1756 545 1830 aeris
572 1756 771 1853 particulas
788 1779 895 1853 aquae
920 1778 1082 1829 summas

44 1867 308 1964 aliquantulum
324 1868 515 1941 sustineri:
544 1868 641 1942 unde
670 1880 751 1942 tota
774 1893 870 1964 aqua
891 1857 1085 1965 compacta

44 1982 115 2055 sive
133 1981 328 2078 congelata
344 1980 511 2054 redditur
523 1982 649 2055 levior.
701 1983 952 2056 intereavero
969 1982 1084 2054 atomi

45 2094 112 2168 illae
130 2106 263 2168 terreae
281 2102 383 2167 motu
408 2117 475 2167 suo
492 2093 660 2168 circulari
686 2094 850 2190 simplice
873 2105 1083 2190 compactas

46 2229 147 2304 aquae
180 2207 381 2303 particulas
411 2230 538 2281 omnes
568 2206 677 2280 simul
706 2207 933 2293 concutiunt,
963 2206 1015 2280 ita
1039 2218 1085 2280 ut

46 2320 144 2394 nulla
160 2321 239 2416 ejus
256 2342 341 2415 pars
361 2319 498 2391 moveri
523 2318 641 2415 possit
668 2318 746 2391 sine
776 2318 937 2414 reliquis,
955 2317 994 2392 id
1016 2330 1084 2408 est,

45 2456 175 2528 aquam
210 2442 326 2505 totam
358 2431 488 2505 duram
515 2430 668 2504 faciunt.
727 2429 903 2506 Similiter
929 2431 968 2505 in
998 2456 1084 2505 vase

44 2545 176 2618 accidit
193 2544 276 2617 nive
294 2556 331 2618 et
348 2544 423 2617 sale
441 2544 680 2617 circumdato.
732 2543 829 2616 Nam
858 2544 1084 2641 liquescente

45 2657 136 2747 nire,
156 2657 220 2753 qui
237 2657 276 2730 in
301 2656 385 2729 nive
403 2668 457 2730 est
473 2680 547 2745 aer,
561 2656 697 2746 exiens,
721 2658 952 2753 superficiem
976 2658 1085 2732 undi-

46 2794 187 2867 quaque
199 2770 299 2843 radit
315 2771 410 2844 vasis
424 2794 557 2866 aquam
572 2769 807 2858 continentis
820 2783 859 2843 et
871 2771 1027 2844 eundem
1046 2773 1086 2846 in

45 2907 136 2981 aqua
148 2883 321 2979 producit
333 2884 504 2956 effectum
515 2905 624 2979 quem
641 2881 751 2954 modo
770 2880 1028 2978 descripsimus
1046 2886 1086 2959 in
1160 2949 1166 2957 .

45 2996 296 3094 congelatione
326 2996 495 3085 murium,
521 3019 665 3092 nempe,
692 2995 865 3068 leviorem
890 3021 1023 3092 aquam
1049 3010 1087 3072 et

44 3109 346 3184 duriorem'facit.
399 3110 662 3205 Diaphaneitas
679 3118 802 3181 autem
829 3109 991 3201 (namet
1014 3111 1085 3182 hoc

44 3235 173 3298 notatu
190 3222 344 3318 dignum
361 3225 431 3315 est)
443 3221 709 3318 aliquantulum
726 3221 915 3311 minuitur,
933 3235 1087 3319 propter

44 3338 134 3411 aeris
160 3361 246 3409 cum
276 3358 372 3431 aqua
400 3358 543 3408 summa
570 3335 789 3408 mistionem.
852 3335 1085 3430 Diaphanum

44 3452 140 3524 enim
180 3472 291 3522 omne
331 3471 398 3544 per
436 3447 597 3544 partium
636 3448 858 3544 positionem
897 3449 1086 3523 turbatam

43 3563 208 3637 albescit.

87 3677 139 3750 B.
167 3674 402 3771 Diaphanum
415 3686 539 3748 antem
556 3699 578 3747 a
594 3676 743 3749 turbato
757 3674 830 3748 situ
843 3675 1004 3771 partium
1022 3700 1088 3749 cur

44 3788 220 3864 albescit?
273 3788 358 3862 Scio
385 3789 534 3884 quidem
551 3789 698 3877 vitrum,
716 3787 754 3860 in
777 3799 901 3883 partes
928 3788 1087 3862 minutas

43 3903 257 3991 contritum,
268 3925 342 3975 non
356 3901 511 3998 amplius
526 3901 748 3998 diaphanum
762 3925 853 3991 esse,
865 3901 931 3974 sed
940 3902 1086 3987 album;

44 4030 79 4090 et
102 4040 150 4090 ex
178 4037 286 4110 aquae
315 4014 505 4110 particulis
531 4014 713 4087 conflictis
741 4013 878 4087 factam
895 4037 1087 4111 spumam,

43 4129 165 4202 albam
182 4151 262 4201 esse
278 4159 287 4212 ;
314 4142 353 4200 et
375 4128 492 4201 multa
512 4127 653 4201 similia.
706 4127 888 4201 Praeterea
905 4126 1089 4224 diaphana

45 4242 167 4315 omnia
184 4241 300 4336 polita
317 4263 394 4313 esse
418 4240 506 4329 scio,
524 4253 562 4314 et
586 4241 838 4335 homogenea;
866 4253 904 4312 et
920 4240 1088 4335 proinde,

45 4371 129 4451 apta
146 4379 226 4429 esse
245 4353 293 4427 ad
309 4353 432 4428 radios
449 4354 541 4427 lucis
563 4354 617 4427 ita
639 4353 893 4441 reflectendos,
911 4364 953 4425 ut
974 4352 1089 4425 lucidi

47 4481 167 4562 partes
190 4492 257 4541 suo
284 4466 412 4540 ordine
436 4469 540 4563 quasi
565 4466 777 4564 pingantur,
802 4464 1012 4560 faciantque
1031 4476 1090 4540 to·

47 4580 114 4656 tius
130 4581 292 4679 speciem
309 4579 543 4664 distinctam
575 4579 640 4654 sed
657 4579 788 4674 ignoro
806 4601 965 4652 causam.
