2618 5092
65 876 133 917 ΟΔΡ.
148 877 182 919 n.

47 944 192 977 s--f-ae

55 1000 91 1045 De
102 1004 192 1048 antibus

53 1067 153 1113 morinis

237 666 310 732 316
513 680 794 735 nnonnnmn
811 678 1008 735 baraton.

236 844 324 919 dare
337 846 621 945 respondentem
639 846 757 921 motui
771 846 905 922 diurno
920 846 1038 945 ipsius
1050 856 1160 921 terra
1170 868 1260 945 super

235 971 405 1033 centrum
421 962 611 1058 proprium
629 961 668 1035 in
685 960 798 1058 plano
815 960 1010 1058 eclipticae.

287 1072 336 1146 B.
364 1073 466 1148 Idem
486 1074 633 1149 videtur
652 1075 765 1148 etiam
782 1074 883 1149 mihi
936 1072 1041 1151 Quid
1062 1072 1161 1149 enim
1185 1072 1261 1147 ved·

235 1185 389 1260 similius
406 1211 485 1261 esse
507 1199 644 1284 potest,
666 1212 778 1285 qnam
801 1199 846 1263 ut
871 1212 985 1263 cansa
1013 1200 1139 1263 motus
1160 1186 1261 1261 diurni

234 1309 344 1372 terrae
360 1300 409 1374 sit
425 1312 547 1375 motus
563 1301 696 1399 aliquis
712 1302 751 1375 in
769 1300 870 1375 sole?
921 1302 971 1375 Et
986 1300 1062 1376 nisi
1075 1300 1261 1375 volverem

233 1410 322 1485 luna
345 1437 454 1510 snper
477 1426 645 1488 centrum
669 1414 872 1511 proprium,
894 1412 1030 1488 faciem
1049 1414 1130 1511 ejus
1144 1412 1261 1510 aspice·

234 1548 356 1598 remus
381 1525 492 1600 modo
516 1551 641 1616 unam,
673 1526 785 1600 modo
813 1526 992 1600 alteram:
1019 1550 1131 1624 quam
1157 1540 1261 1601 tamen

235 1638 414 1728 videmus,
432 1665 543 1715 unam
562 1664 707 1737 semper
723 1654 762 1715 et
780 1639 948 1715 eandem.

284 1752 332 1825 A.
359 1755 491 1828 Restat
509 1778 624 1829 unum
640 1753 740 1829 circa
756 1765 868 1827 metus
890 1752 1056 1827 marinos
1072 1752 1262 1850 pbaenomc·

233 1890 308 1939 non
337 1870 501 1941 omnium
529 1868 863 1942 mirabilissimam:
896 1890 1045 1964 nempe,
1068 1868 1197 1963 ingens
1215 1863 1261 1937 ille

232 1980 354 2054 fluxus
370 1982 433 2077 qui
450 1982 603 2078 singulis
619 1980 816 2055 noviluniis
832 1993 872 2054 et
888 1979 1105 2076 pleniluniis
1121 1978 1262 2053 cemitnr

234 2093 273 2166 in
302 2095 455 2168 flumine
486 2095 665 2183 Sabrina,
696 2105 734 2167 et
763 2093 858 2167 alter
890 2093 931 2165 in
960 2092 1151 2167 contraria
1176 2102 1262 2189 pam

233 2208 377 2304 Angliae
394 2208 434 2281 in
451 2208 561 2281 litore
584 2207 664 2303 agri
688 2203 970 2280 lincolniensis.
1024 2205 1149 2281 Quam
1174 2216 1261 2300 putas

232 2322 341 2418 hujus
358 2320 593 2416 phaenomeni
610 2342 689 2393 esse
708 2318 884 2392 causam?

283 2433 330 2507 B.
358 2435 477 2507 Causa
506 2447 662 2506 aestunm
694 2445 907 2505 nostrornm
936 2431 1157 2519 communie,
1186 2430 1262 2503 sicut

233 2561 319 2621 ante
338 2548 425 2636 dixi,
441 2559 497 2619 cst-
511 2547 647 2643 partim
661 2569 757 2641 aqua
774 2545 849 2633 illa,
861 2568 944 2640 quae
960 2542 1083 2617 fertur
1100 2568 1165 2641 per
1181 2565 1261 2615 mare

234 2661 460 2733 Atlanticum
480 2683 606 2732 versus
626 2659 925 2755 Septentriones:
951 2657 1090 2754 partim
1109 2659 1171 2730 illa
1186 2680 1261 2754 que,

234 2774 391 2845 influens
406 2773 444 2845 in
457 2773 593 2845 fretum
605 2773 727 2844 Anian
742 2782 779 2844 et
796 2783 939 2866 partem
951 2770 1052 2844 Asiae
1071 2783 1109 2844 et
1126 2772 1262 2863 Europe

237 2887 429 2960 Borcalem
456 2886 729 2973 circumfluens,
747 2885 868 2958 tendit
894 2907 1022 2957 rursus
1046 2885 1085 2957 in
1104 2887 1262 2959 Austmn

233 3024 300 3097 per
317 3024 418 3073 mare
440 2999 698 3072 Germanicum
720 3010 756 3072 et
776 2998 1035 3084 Hibernicnm,
1061 2997 1208 3072 etfacit
1230 3007 1263 3069 ut

233 3138 331 3210 aqua
348 3114 459 3186 maris
477 3114 514 3185 in
533 3112 604 3184 illis
622 3112 712 3185 locis
731 3111 907 3185 altissime
925 3135 963 3183 se
982 3111 1114 3185 elevet.
1158 3114 1263 3208 Atque

232 3227 320 3301 hinc
337 3227 543 3300 necessario
561 3225 708 3314 accidit,
727 3241 769 3297 ut
797 3226 834 3298 in
854 3224 957 3297 ostiis
977 3224 1184 3314 fluminum,
1198 3246 1264 3321 qne

233 3354 271 3413 et
305 3340 427 3436 ampla
461 3353 547 3413 sunt
581 3352 619 3411 et
650 3338 789 3410 directe
821 3338 1067 3411 obvertuntur
1097 3339 1186 3411 locis
1214 3334 1265 3409 nbi

233 3476 338 3548 aquae
349 3454 395 3526 ab
406 3453 478 3526 hoc
492 3475 673 3525 concursu
687 3463 842 3524 aestuom
855 3450 1149 3543 accumulantur,
1162 3453 1266 3524 fluxus

232 3566 372 3661 majore
390 3591 499 3661 quam
524 3565 613 3638 alias
638 3566 780 3662 impetu
805 3566 883 3638 fiat.
937 3564 1049 3637 Sinus
1080 3579 1203 3638 autem
1228 3561 1267 3636 ad

233 3678 367 3750 ostium
398 3679 563 3752 Sabrinae
580 3679 673 3751 mari
692 3677 894 3764 Atlantico,
913 3690 951 3749 et
980 3677 1084 3750 sinus
1106 3679 1166 3751 ille
1187 3678 1267 3751 alter

231 3790 269 3862 in
289 3814 377 3885 agro
396 3791 655 3881 lincolniensi,
678 3792 769 3864 mari
794 3789 1015 3863 Germanico
1040 3790 1267 3865 directissime

232 3904 488 3991 obvertuntur,
520 3903 629 3975 ambo
660 3904 784 3998 magni
809 3903 1023 3975 existentes.
1077 3904 1158 4001 Ego
1184 3898 1267 3977 tanti

231 4028 342 4090 aestus
359 4017 421 4112 qui
439 4016 547 4089 aliter
563 4017 642 4089 fieri
660 4029 829 4113 possunt,
851 4041 925 4088 non
944 4016 1126 4113 intelligo.
1180 4017 1266 4091 Quas

231 4143 355 4203 autem
383 4131 535 4203 causas*
563 4129 695 4202 harum
731 4154 853 4202 rernm
884 4129 1097 4225 philosophi
1128 4126 1266 4225 Collegii

232 4243 507 4316 Greshamensis
518 4245 671 4316 causas*
689 4242 851 4315 reddunt
870 4242 970 4314 hisce
982 4240 1260 4338 probabiliores?

282 4357 331 4429 Α.
359 4357 414 4429 De
433 4357 550 4430 causis
568 4355 689 4429 adbuc
708 4356 858 4430 omnino
877 4357 999 4429 silent.
1054 4358 1153 4431 lllud
1175 4371 1264 4430 tuum

554 4579 571 4613 ¹*
595 4577 643 4639 Sic
657 4580 726 4639 edit.
746 4582 821 4639 1662
837 4590 866 4638 ct
884 4582 970 4638 1668.
