2618 5092
312 850 365 904 AD
384 849 717 905 ILLUSTRISSIMUM
736 846 929 904 DOMINUM

234 989 293 1071 D.
338 988 698 1072 HENRICUM
745 986 1012 1071 BENNET

332 1149 546 1210 aaronem
567 1150 624 1208 nu
645 1149 911 1223 aunmcrou,

70 1291 273 1335 sensulssfflo
288 1292 360 1333 REGI
379 1292 487 1332 canoto
502 1291 527 1331 11
544 1293 561 1332 A
576 1291 721 1333 CONSILIIS
736 1292 775 1332 m·
789 1291 993 1333 secundumn
1009 1290 1184 1331 Pmnamuu.

50 1534 143 1609 Cum
167 1537 372 1610 senectutis
389 1560 481 1609 meae
509 1535 682 1609 solatium
704 1535 906 1608 maximum
925 1545 1013 1623 tuae,
1031 1533 1199 1608 illustris-

49 1667 137 1740 sime
157 1668 331 1757 Domine,
358 1668 420 1765 opi
448 1667 613 1756 debeam,
640 1666 806 1764 ingratus
836 1690 955 1740 essem
981 1668 1052 1739 nisi
1084 1678 1199 1740 tantae

49 1799 176 1894 gratiae
194 1800 392 1896 vestigium
414 1797 576 1896 aliquod,
601 1798 672 1871 etsi
699 1799 908 1884 obscurum,
936 1810 1063 1871 extare
1093 1822 1200 1871 cura-

50 1954 137 2006 rem.
190 1932 304 2007 Quod
332 1956 416 2006 cum
447 1932 519 2006 alia
546 1956 623 2005 non
646 1954 808 2028 possum,
825 1932 978 2029 vulgata
1003 1932 1064 2004 via
1094 1933 1200 2005 scho-

50 2063 179 2139 larium
200 2064 310 2155 facio,
329 2064 461 2139 dedico
489 2065 559 2139 tibi
582 2065 759 2155 libellum,
782 2089 859 2138 non
882 2065 977 2139 male
1001 2079 1199 2157 moratum,

50 2199 112 2273 sed
129 2211 256 2273 tamen
274 2199 515 2273 audaculum:
543 2211 819 2296 geometrarum
843 2200 941 2273 enim
959 2212 1078 2273 totam
1096 2201 1200 2274 inva-

52 2333 105 2408 dit
120 2336 321 2408 nationem.
373 2333 486 2423 Quid,
504 2334 662 2430 inquies,
676 2335 707 2408 si
724 2334 885 2431 injuste?
937 2335 1032 2409 Mihi
1051 2335 1199 2432 quidem

52 2471 87 2543 id
104 2469 265 2543 dedecus
277 2492 454 2565 magnum
466 2480 583 2542 esset:
603 2468 668 2543 sed
682 2467 782 2566 quod
796 2469 844 2543 ad
858 2480 908 2559 te,
922 2469 985 2565 qui
1003 2468 1051 2542 ad
1067 2469 1200 2543 altiora

52 2605 244 2679 institutus
263 2626 316 2692 es,
334 2626 514 2700 quemque
533 2627 677 2676 morum
695 2615 734 2677 et
752 2605 861 2678 officii
890 2605 964 2678 mei
991 2627 1080 2700 erga
1105 2604 1200 2700 teip-

54 2761 144 2826 sum,
175 2761 252 2810 non
286 2758 469 2832 nugarum
502 2759 669 2810 mearum
703 2736 952 2833 inspectorem
985 2737 1094 2827 facio,
1122 2761 1198 2810 non

53 2872 261 2970 pertinebit.
314 2872 358 2945 In
386 2895 521 2966 magno
550 2871 700 2968 quidem
726 2872 892 2967 periculo
923 2874 1061 2946 versari
1090 2873 1199 2946 video

54 3007 359 3083 existimationem
386 3029 517 3095 meam,
546 3006 609 3102 qui
639 3031 659 3079 a
688 3007 887 3102 geometris
920 3007 996 3079 sere
1028 3006 1199 3080 omnibus

55 3139 240 3214 dissentio.
291 3139 430 3212 Eorum
460 3137 559 3211 enim
587 3138 649 3234 qui
677 3137 724 3211 de
754 3129 885 3211 iisdem
911 3139 1022 3212 rebus
1052 3163 1198 3213 mecum

55 3273 189 3372 aliquid
207 3271 415 3363 ediderunt,
433 3283 498 3345 aut
521 3271 620 3344 solus
645 3272 788 3345 insanio
815 3295 885 3368 ego
908 3281 971 3345 aut
1002 3271 1099 3345 solus
1121 3297 1198 3347 non

56 3406 215 3480 insanio:
240 3405 392 3479 tertium
418 3404 517 3477 enim
547 3428 623 3477 non
652 3416 721 3493 est,
744 3404 828 3493 nisi,
855 3402 955 3501 quod
979 3403 1077 3478 dicet
1100 3406 1197 3480 forte

57 3538 193 3637 aliquis,
226 3538 451 3612 insaniemus
478 3561 616 3612 omnes.
669 3539 854 3612 Caeterum
888 3539 967 3612 sine
997 3539 1122 3636 judice
1152 3540 1197 3614 lis

58 3683 119 3762 est,
153 3671 226 3745 nisi
261 3669 362 3768 quod
385 3669 551 3767 judicem
584 3670 781 3767 aliquando
812 3671 969 3767 seipsam
999 3675 1198 3748 constituet

58 3804 218 3880 nondum
251 3803 393 3877 imbuta
424 3801 631 3899 posteritas.
696 3801 824 3875 Videri
863 3803 933 3876 tibi
966 3805 1108 3878 interea
1140 3806 1198 3878 vir

58 3936 184 4027 bonus,
219 3937 290 4011 etsi
322 3936 501 4034 pessimus
535 3947 737 4033 geometra,
772 3938 860 4011 satis
894 3937 1024 4012 habeo
1077 3939 1197 4011 Deum

57 4095 186 4170 precor
211 4083 255 4148 ut
282 4083 321 4148 te
344 4072 484 4170 optimo
507 4071 602 4168 Regi
625 4070 835 4146 ministrum
864 4072 1045 4169 optimum
1068 4071 1197 4145 diutis-

57 4208 144 4281 sime
161 4229 378 4281 conservare
395 4204 495 4280 velit.

421 4372 618 4445 Servorum
635 4382 785 4445 tuorum
798 4370 1023 4444 humillimus

792 4530 932 4604 Tuom.
960 4531 1148 4606 Hessos,
