2618 5092
283 658 610 713 marnnuamorn
631 659 877 713 sommum.
1059 638 1108 718 27

53 826 205 925 produci
237 827 384 924 potnit.
449 826 551 903 Quot
578 837 667 901 sunt
692 849 782 923 ergo
806 848 932 899 rerum
955 823 1109 922 speeies,
1146 845 1298 891 onoooos

54 952 108 1015 tot
140 949 233 1015 sunt
258 939 509 1037 philosophiae
538 941 653 1015 totius
682 952 807 1039 partes
837 939 913 1013 sire
943 937 1110 1014 soientiae
1149 928 1295 1034 ,ἕρ

54 1054 313 1152 particulares.

101 1168 152 1241 B.
179 1165 258 1241 Sed
275 1190 354 1262 qna
369 1165 545 1240 methodo
559 1165 829 1263 distinguendae
846 1177 933 1240 sunt
948 1163 961 1238 l

104 1279 156 1353 A.
182 1278 328 1351 Eadem
355 1301 430 1373 qua
455 1277 736 1375 distinguuntur
760 1279 841 1375 ipsa
865 1278 1111 1374 phaenomena

58 1392 132 1466 sive
152 1390 366 1465 accidentia
388 1413 472 1486 quae
485 1402 677 1487 apparent,
697 1390 885 1480 nimirum,
898 1391 1110 1487 incipiendo

58 1530 81 1580 a
94 1505 256 1580 maxime
273 1503 546 1578 communibus.

107 1619 159 1693 B.
186 1618 284 1694 Quae
302 1629 391 1691 sunt
408 1616 497 1690 illa?

109 1732 161 1806 A.
186 1729 419 1829 Magnitudo
449 1741 487 1803 et
515 1739 645 1803 motus.
696 1730 747 1803 Et
769 1729 946 1825 quoniam
968 1729 1049 1802 haee
1071 1729 1110 1803 in

60 1845 160 1920 omni
172 1867 372 1941 corporum
380 1843 531 1918 actione
544 1844 717 1916 effectum
733 1844 870 1939 partim
886 1843 1110 1939 producunt,

59 1970 102 2032 nt
126 1973 263 2046 motus,
291 1956 430 2053 partim
453 1966 593 2051 augent
609 1955 668 2028 vel
690 1956 873 2044 minuunt,
899 1966 944 2028 ut
967 1955 1111 2052 magni-

59 2070 163 2160 tudo,
189 2080 305 2166 prout
330 2070 450 2164 major
474 2078 532 2142 est
554 2068 612 2141 vel
630 2069 762 2154 minor,
788 2068 954 2157 scientia,
980 2069 1019 2142 in
1038 2093 1112 2165 qna

61 2182 356 2257 determinantur
385 2181 657 2278 magnitudines
692 2192 772 2254 tum
802 2204 1000 2277 corporum
1030 2193 1111 2255 tum

60 2308 241 2384 motuum,
259 2296 381 2393 primo
397 2295 480 2369 loco
496 2293 669 2390 ponenda
685 2306 763 2367 est:
790 2317 878 2367 nam
894 2295 1013 2390 primo
1027 2295 1110 2368 loco

62 2408 236 2483 ducenda
252 2420 322 2502 est,
348 2408 486 2506 quippe
507 2407 606 2505 quod
624 2409 703 2482 sine
726 2409 790 2482 illa
807 2419 952 2483 eaeterae
969 2409 1111 2506 acquiri

62 2545 136 2595 non
151 2533 320 2618 possunt.

108 2635 159 2709 B.
187 2633 352 2709 Scientia
368 2634 448 2708 haeo
465 2632 652 2731 quomodo
669 2633 901 2732 appellatur?

111 2749 162 2823 A.
192 2746 420 2822 Geometrr'a.

107 2859 158 2935 B.
185 2861 310 2935 Defini
327 2859 582 2958 geometriam.

110 2974 161 3048 Α.
191 2973 408 3048 Geometrio
426 2981 485 3046 eat
505 2971 662 3046 seientia
682 2972 953 3048 determinandi
969 2973 1109 3072 mugni-

63 3088 219 3163 aalma

108 3202 160 3276 B.
187 3199 361 3274 Breviter
376 3198 526 3296 quidem
543 3198 645 3288 satis,
668 3197 734 3272 sed
754 3223 886 3295 parum
904 3198 1110 3296 perspicue.

64 3313 148 3390 Non
173 3314 275 3388 enim
299 3311 468 3408 intelligo
486 3310 577 3407 quid
602 3312 651 3386 sit
672 3311 963 3410 magnitudinem
988 3310 1113 3385 deter-

64 3428 215 3502 minore.

111 3537 491 3636 Magnitudinem
518 3536 777 3629 determinare,
804 3537 904 3611 idem
931 3540 1112 3636 estquod

65 3654 258 3728 ostendere
275 3660 415 3749 quanta
432 3651 492 3724 sit.

107 3771 157 3847 B.
184 3767 385 3845 Quomodo
413 3778 537 3841 autem
561 3767 770 3842 ostenditur
793 3769 851 3842 vel
876 3769 1113 3867 cognoscitur

65 3882 279 3982 magnitudo
296 3881 478 3978 exposita,
497 3891 635 3977 quauta
651 3880 727 3955 sit?

109 3999 159 4072 A.
188 3993 450 4093 comparando
465 4017 642 4068 eamoum
652 3994 910 4091 magnitudine
923 3995 1112 4069 aliamen-

64 4123 195 4201 snrata,
224 4109 285 4183 vel
312 4130 397 4205 quae
423 4106 558 4181 habeat
584 4107 632 4181 ad
655 4120 905 4181 mensuratam
928 4109 1111 4181 rationem

64 4225 262 4323 cognitam.
316 4220 449 4316 Itaque
478 4220 684 4314 geometria
718 4219 864 4293 definiri
889 4233 1013 4316 potest
1035 4220 1110 4291 sic:

62 4336 270 4437 gemnetria
281 4342 341 4407 eat
354 4331 527 4421 seientia,
533 4356 611 4429 per
620 4358 727 4430 quam
738 4333 991 4432 cognoscimus
1005 4355 1111 4429 mag-

63 4449 267 4524 nitudinum
284 4445 386 4519 inter
396 4467 437 4516 ae
447 4443 627 4518 rationes.
680 4444 753 4519 Sed
767 4445 941 4541 quoniam
956 4467 1009 4517 eae
1023 4466 1111 4539 cog-

63 4564 159 4639 nosci
176 4586 256 4638 non
274 4567 443 4657 possunt,
457 4557 527 4630 nisi
541 4557 709 4654 exposita
722 4558 770 4632 sit
785 4557 971 4653 quantitas
988 4556 1112 4651 aliqua
