2618 5092
273 654 594 708 usrnnuarrcm
615 654 861 706 monianum.
1041 635 1091 714 97

69 824 165 898 ninus
188 824 346 898 denotat
376 846 570 896 numerum
600 846 710 919 quem
739 822 948 918 quaerimus,
980 843 1093 917 quam
1129 844 1282 886 annosos

66 937 151 1012 litera
166 938 213 1027 A,
230 940 291 1011 vel
305 938 353 1026 R,
370 937 429 1011 vel
447 937 639 1010 character
648 940 715 1034 p?
757 936 835 1009 Aut
851 935 973 1007 minus
991 945 1094 1007 recte
1134 926 1278 1030 „2¹3⁴

67 1049 210 1124 dicemus
238 1051 395 1149 quasitr‘
412 1050 646 1148 quadratam,
664 1073 774 1146 quam
803 1051 895 1138 ΑΑ,
926 1049 986 1121 vel
1014 1051 1094 1145 Aq,

65 1162 188 1237 relA²l

102 1278 147 1349 B.
172 1276 249 1350 Sed
266 1275 416 1348 brevior
439 1285 497 1348 est
525 1275 678 1371 scriptio
705 1300 772 1373 per
798 1276 944 1348 literam
969 1297 1093 1362 unam,

65 1414 156 1486 quam
171 1413 239 1486 per
253 1390 441 1485 integrum
458 1388 689 1461 vocabulum.

103 1503 148 1577 Α.
176 1503 262 1576 Hoc
280 1501 430 1598 quidem
449 1500 614 1575 concedo
632 1502 701 1575 tibi
718 1502 764 1575 de
780 1502 961 1575 brevitate
980 1501 1095 1596 scrip-

66 1614 170 1704 tionis,
185 1638 262 1688 non
288 1628 416 1687 autem
439 1613 485 1686 de
503 1613 683 1686 brevitate
711 1614 982 1710 cogitatorum
1010 1612 1097 1707 quia

66 1753 127 1801 non
147 1729 382 1802 characteres
404 1726 486 1816 soli,
510 1750 579 1799 nec
596 1726 675 1800 sola
692 1728 816 1816 verba,
835 1726 900 1800 sed
922 1750 981 1799 res
1007 1726 1097 1821 ipsae

67 1840 259 1938 cogitandae
277 1851 378 1928 sunt,
396 1863 480 1935 quae
498 1840 704 1912 abbreviari
718 1864 792 1915 non
809 1851 977 1936 possunt.

106 1954 151 2029 Β.
175 1953 316 2027 Nescio
333 1952 423 2048 quid
439 1952 695 2048 respondeam.

106 2069 150 2142 Α.
174 2066 334 2157 Deinde,
362 2066 392 2138 si
420 2065 620 2138 necessitas
648 2065 713 2138 illa
737 2065 907 2138 absoluta
933 2088 1007 2136 non
1035 2064 1096 2151 sit,

68 2180 120 2254 sed
133 2206 176 2254 ex
194 2179 388 2277 supposita
409 2179 601 2269 brevitate,
619 2178 708 2275 quid
734 2177 833 2250 dices
861 2176 907 2249 de
934 2173 1097 2248 secundo

68 2316 122 2367 osu
131 2293 392 2392 symbolorum,
406 2316 551 2388 nempe,
566 2292 612 2366 de
625 2292 820 2376 brevitate,
832 2313 945 2386 quare
957 2290 1097 2386 primus

13 2462 16 2489 .
69 2429 140 2479 usus
154 2406 293 2481 nonsit
311 2405 633 2503 supervacaneus?

107 2519 152 2594 Β.
177 2519 316 2594 Nescio
332 2519 405 2592 hoc
422 2543 580 2615 quoque.

108 2633 153 2707 Α.
179 2632 325 2708 Deinde
360 2631 461 2728 quod
495 2632 599 2705 addit
612 2630 869 2704 :-dreor'tatr's
898 2641 935 2704 et
955 2630 1097 2728 facili-

13 2800 16 2831 ,
68 2747 145 2818 tatia
160 2771 291 2836 causa,
306 2769 388 2818 cam
405 2745 504 2818 illud
527 2771 597 2818 aaa
625 2768 716 2817 raro
741 2745 855 2817 citius
876 2755 1099 2843 peragatur

13 2906 15 2911 -
62 2880 122 2953 per
136 2859 304 2956 symbola
319 2882 385 2931 sea
401 2859 560 2957 species,
575 2883 680 2956 qaam
691 2882 769 2957 per
787 2859 891 2957 ἰρεοε
907 2883 1073 2930 aanwros
1084 2887 1097 2931 .·

65 2973 169 3045 —nisi
186 2972 419 3069 intelligatur
436 2972 482 3045 de
499 2972 711 3069 scriptione,
727 2970 860 3044 falsum
878 2982 945 3044 est.
1001 2971 1098 3043 Nam

64 3094 94 3156 et
101 3109 168 3174 res,
179 3095 216 3159 et
228 3086 354 3173 verba,
366 3096 403 3158 et
413 3084 579 3181 symbola
590 3082 788 3180 cogitanda
801 3095 926 3167 erunt;
941 3106 1098 3179 quorum

63 3196 220 3271 ultimum
247 3198 318 3271 erit
348 3197 490 3271 inutile.
541 3197 626 3270 lam
643 3220 730 3270 vero
760 3196 861 3292 quod
883 3195 931 3268 ad
957 3196 1099 3291 perspi-

62 3310 225 3385 cuitatem
245 3310 393 3401 attinet,
412 3333 482 3406 ego
500 3334 587 3384 sane
611 3311 649 3383 in
676 3309 842 3406 legendis
872 3308 1099 3382 demonstra-

61 3423 213 3498 tionibus
245 3446 314 3520 per
348 3423 515 3518 symbola
549 3423 707 3518 scriptis,
737 3446 846 3518 quam
880 3446 947 3518 per
974 3422 1097 3514 verba,

60 3539 228 3633 majorem
243 3559 389 3632 semper
402 3538 522 3632 reperi
534 3536 800 3610 difficultatem.
818 3536 886 3623 lin,
899 3535 1099 3631 quiconica

60 3650 130 3744 ojus
160 3647 364 3745 symbolice
387 3649 527 3745 scripta
553 3648 688 3746 legisti,
702 3648 820 3745 magis
844 3672 889 3721 ea
904 3648 1099 3744 perspicua

58 3785 129 3836 esse
141 3762 343 3851 existimas,
360 3785 472 3857 quam
486 3762 617 3836 conica
626 3761 811 3858 Apollonii
824 3761 883 3834 vel
896 3760 1097 3857 Midorgii?

103 3875 151 3948 Β.
179 3876 262 3970 Ego
280 3877 319 3948 in
348 3874 517 3969 legendis
548 3875 685 3948 conicis
710 3875 879 3961 Wallisii,
896 3898 980 3948 cum
1006 3876 1098 3948 inci-

60 3988 179 4061 derem
213 3988 253 4060 in
289 3988 583 4083 propositionem
617 3987 778 4084 aliquam
820 3987 1098 4084 longiusculam,

60 4102 191 4195 partim
209 4099 347 4174 laboris
370 4101 610 4196 impatientia,
627 4101 763 4197 partim
789 4101 891 4196 quod
916 4126 997 4174 eam
1021 4103 1099 4196 jam

59 4226 140 4286 ante
153 4213 306 4287 aliunde
330 4236 455 4287 veram
486 4237 564 4286 esse
589 4214 733 4303 scirem,
751 4238 821 4287 nec
852 4213 898 4287 de
922 4213 1098 4287 methodo

60 4328 131 4421 ejus
145 4326 369 4415 dubitarem,
387 4325 716 4401 demonstrationis
733 4328 830 4400 viam
843 4327 997 4400 nimium
1010 4326 1098 4400 levi-

62 4450 114 4512 ter
130 4439 351 4514 examinavi.

107 4554 155 4627 Α.
182 4555 231 4627 Ia
256 4552 633 4626 demonstrationibus
652 4576 730 4651 per
760 4551 938 4651 symbola,
966 4576 1101 4650 opera·

154 4689 248 4743 vor..
265 4688 322 4742 rr.
971 4688 1001 4741 Η
