2640 5092
376 659 559 715 cunano
580 662 773 716 sennaar.
1022 650 1096 716 495

49 822 252 898 solidorum
269 826 480 924 reciprocae.
517 831 641 905 Quare
657 832 740 929 (per
755 829 900 904 Euclid.
917 828 1033 902 Elem.
1047 829 1097 902 xi.
1145 852 1163 892 r
1184 849 1231 890 0¹³·
1246 848 1270 888 ¹1

50 960 156 1034 prop.
171 941 234 1033 34)
251 941 401 1015 cubuso
413 942 474 1033 lca,
487 953 523 1018 et
535 944 693 1018 solidum
710 945 777 1018 sub
788 945 859 1020 To
869 956 906 1017 et
917 942 1098 1040 quadrato

50 1051 98 1123 ab
117 1076 183 1151 ag,
202 1066 288 1127 suut
305 1055 472 1150 aequalio.
527 1055 599 1130 Sed
616 1056 773 1130 solidum
792 1057 859 1131 sub
876 1056 947 1130 To
959 1067 997 1129 et
1011 1079 1097 1152 qua·

52 1163 161 1238 drato
175 1167 222 1238 ab
239 1190 304 1263 og,
322 1168 461 1263 aequale
480 1180 535 1241 est
549 1170 704 1266 sphaerae
721 1171 827 1266 cujus
845 1169 1024 1242 diameter
1040 1180 1098 1241 est

51 1276 126 1350 Cli.
178 1275 300 1368 Quare
318 1279 434 1352 cubus
451 1305 474 1354 a
491 1280 538 1353 lm
556 1282 707 1378 aequalis
720 1293 777 1355 est
794 1281 948 1378 sphaerae
964 1280 1096 1354 eidem.

104 1390 280 1465 Iuventus
297 1415 386 1488 ergo
403 1406 460 1467 est
472 1394 588 1467 cubus
605 1395 759 1491 sphaerae
777 1395 939 1493 aequalis.

415 1742 666 1797 PROPOSITIO
692 1744 756 1797 111.

205 1896 379 1972 Invenire
400 1909 543 1973 rectam
560 1899 735 1998 apiculam
752 1899 860 1973 arcui
878 1899 949 1974 CL

105 2060 310 2158 Repetatur
327 2061 366 2135 in
383 2063 503 2159 figura
520 2063 682 2137 secunda
698 2088 784 2161 pare
804 2064 933 2160 figurae
959 2061 1099 2158 primae‚

54 2171 93 2245 in
112 2197 186 2269 qua
198 2172 418 2269 quadratum
437 2172 564 2265 QRST
579 2177 717 2272 aequale
735 2187 791 2249 est
801 2175 940 2249 circulo
955 2173 1100 2249 BCDE.

55 2285 193 2360 Ceutro
212 2289 259 2376 A,
276 2287 469 2362 intervallo
495 2289 562 2362 AY
586 2289 816 2363 describatur
839 2312 947 2363 arcus
973 2288 1102 2361 circuli

54 2422 185 2473 secans
203 2399 272 2474 AO
287 2399 327 2473 iu
345 2398 383 2489 d,
400 2413 439 2474 et
456 2401 524 2474 AG
540 2402 577 2475 in
595 2400 636 2475 b:
662 2415 700 2476 et
713 2426 780 2499 per
795 2414 975 2499 punctum
993 2398 1101 2474 ddu-

54 2523 163 2586 catur
180 2523 282 2587 recta
298 2512 350 2587 Zc
366 2513 541 2610 parallela
557 2514 632 2606 GC,
651 2539 779 2590 secans
796 2515 862 2589 AC
875 2516 915 2588 in
932 2514 962 2587 Z
979 2525 1016 2588 et
1035 2514 1101 2588 AG

56 2649 98 2699 rn
116 2649 149 2698 c.

106 2736 201 2811 Dico
217 2749 357 2812 rectam
375 2738 425 2811 Za
441 2739 620 2835 aequalem
637 2763 717 2813 esse
734 2740 834 2814 arcui
854 2739 927 2814 CL.

107 2850 206 2924 Nam
224 2851 456 2940 corone
480 2865 567 2926 sunt
594 2851 769 2926 continue
796 2853 1102 2949 proportionales.

55 2965 106 3039 Et
126 2963 209 3060 (per
223 2962 486 3037 Archimedem
499 2963 546 3036 de
558 2961 798 3037 Dimenaione
814 2963 970 3058 Cirr-alr)
986 2965 1102 3039 triou-

55 3077 185 3177 gulum
209 3077 477 3174 rectiangulum,
495 3077 601 3174 cujus
616 3076 713 3150 latus
737 3101 853 3150 unum
871 3077 971 3150 circo
986 3101 1103 3173 augu-

55 3192 136 3267 lum
152 3203 295 3264 rectum
314 3188 453 3286 aequale
471 3198 527 3262 est
553 3189 753 3284 perimetro
780 3189 921 3277 circuli,
942 3201 982 3263 et
1006 3190 1104 3263 latus

56 3303 216 3379 alterum
227 3301 368 3400 aequale
380 3301 665 3392 semidiametro,
683 3302 823 3400 aequale
838 3313 895 3376 est
908 3303 1022 3377 totius
1035 3303 1104 3377 cir·

55 3417 132 3493 culi
149 3440 257 3490 oreoe.

107 3529 208 3627 Ergo
234 3529 493 3626 rectaugulum
520 3527 588 3602 sub
605 3527 896 3625 semiperimetro
923 3541 963 3604 et
989 3529 1104 3623 radio,

58 3642 199 3742 aequale
216 3655 272 3717 est
285 3667 381 3717 areae
399 3641 564 3740 ejusdem
581 3642 721 3717 circuli.

109 3758 209 3855 Ergo
228 3757 483 3853 rectangulum
501 3755 569 3830 sub
586 3768 692 3853 parte
709 3767 841 3853 quarta
861 3756 1051 3853 perimetri
1068 3768 1106 3832 et

57 3871 176 3962 radio,
187 3871 327 3968 aequale
345 3881 400 3944 est
417 3893 513 3944 oreae
529 3869 750 3944 semicirculi
768 3867 879 3945 BCD.

108 3986 209 4082 Ergo
226 3983 482 4080 rectaugulum
500 3982 568 4057 sub
586 3992 717 4056 octava
738 3995 843 4080 parte
861 3983 1051 4078 perimetri
1068 3996 1108 4057 et

58 4098 177 4188 radio,
208 4095 249 4170 id
278 4109 334 4171 est
364 4096 621 4194 rectangulum
652 4096 720 4169 sub
749 4093 815 4171 Ac
841 4106 880 4169 et
909 4119 999 4169 arcu
1030 4095 1106 4187 CL,

59 4210 201 4310 aequale
219 4223 276 4284 est
292 4234 388 4284 areae
406 4208 621 4308 quadrantis
639 4206 750 4283 ACB.

109 4326 211 4422 Ergo
228 4323 447 4422 quadratum
464 4349 488 4398 a
503 4323 627 4398 media
642 4320 910 4420 proportionali
925 4321 1023 4394 iuter
1040 4320 1107 4397 Ac

60 4449 243 4628 eAtcaficum
261 4437 336 4531 CL,
352 4438 492 4537 aequale
509 4450 567 4512 est
584 4460 680 4513 oreae
703 4434 919 4534 quadrantis
942 4434 1108 4532 ejusdem
