2618 5092
259 629 580 682 MaunuMA'rlcAE
600 626 848 683 nonianus.
1057 612 1081 680 9

41 806 230 870 iotestates
257 796 563 894 significabantur
579 821 602 870 a
618 797 845 894 Diophanto,
863 817 940 868 non
961 805 1084 868 essent
1116 816 1269 864 unrocus

41 908 208 1007 symbola.

78 1020 127 1095 B.
155 1020 285 1096 Quid?
340 1021 489 1095 Nihilne
518 1022 663 1095 addidit
692 1021 853 1117 algebrae
869 1019 992 1108 Vieta,
1018 1019 1084 1092 sed

41 1147 201 1209 reterum
223 1146 336 1208 notas
361 1158 445 1208 cnm
471 1134 586 1209 literis
614 1133 800 1231 alphabeti
821 1143 965 1206 tantum
984 1156 1084 1205 com·

41 1247 219 1322 mutavit?
377 1344 378 1350 ἵ

83 1361 133 1434 Α.
161 1359 267 1433 Nihil
285 1359 448 1435 omnino.

84 1473 135 1552 B,
160 1474 235 1548 sed
252 1477 370 1571 ipsam
394 1485 511 1548 artem
528 1475 605 1548 sire
622 1475 849 1564 methodum,
868 1497 942 1570 qua
957 1496 981 1545 a
996 1497 1085 1572 sup·

41 1588 158 1688 posito
184 1587 230 1661 ad
249 1587 443 1685 quaesitum
456 1589 516 1661 via
529 1589 744 1662 brevissima
760 1588 985 1686 pervenitur,
1004 1587 1086 1683 quis

41 1701 263 1797 excogitavit
279 1699 448 1796 primus?

85 1813 131 1887 A.
160 1813 323 1897 Nescio;
358 1813 430 1886 nisi
457 1837 584 1886 verum
616 1815 676 1904 sit,
706 1813 807 1911 quod
840 1812 991 1887 memini
1025 1836 1085 1888 me

41 1926 172 2000 alicubi
194 1925 342 2022 legisse,
365 1925 477 1999 fuisse
494 1927 654 2000 Arabem
683 1926 867 2024 quendam
885 1926 1084 2016 Ghebrnm‚

41 2064 158 2136 aquo
187 2039 301 2111 etiam
327 2048 445 2110 artem
467 2038 596 2135 ipsam,
620 2040 651 2112 si
676 2039 787 2113 modo
813 2062 872 2112 ars
897 2040 946 2111 sit
962 2039 1086 2135 potius

41 2176 149 2248 quam
172 2173 292 2242 casus,
318 2149 588 2224 denominatam
616 2175 696 2225 esse
712 2150 930 2248 Algcbram.
982 2150 1087 2246 Sym·

41 2266 122 2339 bola
138 2264 292 2362 quidem
310 2262 457 2349 addere,
474 2265 705 2354 subtrahere,
721 2264 978 2361 multiplicare,
997 2263 1088 2336 diri-

42 2377 124 2451 dere
141 2375 321 2465 binomia,
342 2375 526 2465 trinomia,
544 2389 630 2465 etc,
648 2377 738 2450 artis
758 2399 837 2450 esse
854 2376 986 2465 fateor,
1013 2398 1088 2448 non

42 2514 197 2588 magnae.
252 2488 328 2562 Sed
344 2499 387 2562 ut
404 2512 449 2561 ex
467 2489 656 2585 supposito
684 2490 893 2563 inveniatur
922 2488 961 2561 id
988 2487 1089 2585 qnod

42 2605 231 2700 quaeritur,
249 2601 322 2674 nisi
349 2601 389 2674 iu
415 2601 599 2675 facillimis
630 2603 907 2698 quaestionibus,
934 2601 973 2674 id
1001 2624 1088 2675 vero

41 2739 214 2814 pernego.
269 2714 370 2789 Quid
388 2715 485 2788 enim
496 2716 663 2811 magistri
676 2715 1089 2813 symbolicaehodiernae

41 2832 202 2920 maximi,
217 2828 456 2924 Ougthredns
475 2839 512 2902 ct
530 2829 728 2920 Cartesins,
740 2830 840 2904 alind
856 2829 1088 2928 praecipiunt‚

44 2968 148 3041 quam
169 2953 215 3017 ut
238 2965 308 3038 pro
327 2942 532 3037 quantitate
560 2944 715 3040 quaesita
745 2967 994 3040 supponamus
1022 2942 1089 3015 ali-

44 3082 149 3154 quam
167 3081 216 3130 ex
233 3054 430 3151 alphabeto
447 3055 605 3145 literam,
623 3068 661 3131 et
678 3058 765 3130 inde
782 3067 876 3155 apto
893 3056 1089 3130 ratiocina-

43 3171 139 3245 tione
151 3167 397 3267 procedamus
409 3168 457 3241 ad
471 3169 758 3265 consequentia?
797 3171 849 3242 At
863 3170 893 3242 si
908 3192 968 3242 ars
980 3178 1088 3255 esset,

44 3283 221 3358 deberent
250 3305 419 3377 quaenam
451 3282 501 3355 sit
529 3282 591 3355 illa
622 3291 717 3381 apta
746 3282 979 3355 ratiocinatio
1009 3281 1092 3378 ipsa

45 3397 246 3471 ostendere.
289 3394 398 3470 Quod
409 3419 492 3468 cum
508 3419 583 3468 non
596 3395 967 3492 faciant,algebristae
980 3395 1091 3470 modo

45 3509 86 3583 ab
102 3534 180 3583 uno
198 3508 402 3605 supposit0‚
420 3507 532 3581 modo
558 3508 605 3581 ab
632 3508 704 3581 alio
730 3508 906 3605 incipere,
925 3521 964 3583 ct
981 3508 1091 3583 modo

44 3645 164 3707 unam,
183 3621 297 3695 modo
314 3621 424 3695 aliam
439 3621 538 3695 viam
563 3621 720 3717 ingredi,
740 3633 934 3718 coguntur.
988 3622 1091 3697 Adeo

45 3747 84 3808 ut
108 3760 187 3809 non
217 3735 340 3808 minus
360 3735 515 3809 fortuito
541 3735 735 3833 quoerilum
761 3735 964 3826 inveniunt,
980 3760 1112 3832 quam.

46 3849 73 3921 si
90 3850 173 3945 quis
189 3849 229 3922 in
248 3848 429 3937 cubiculo,
443 3851 566 3945 jussus
580 3847 686 3921 initio
709 3848 809 3920 facto
828 3871 851 3920 a
866 3847 992 3921 limine
1010 3849 1091 3922 dili·

46 3975 175 4057 genter
201 3971 325 4035 totum
351 3960 560 4034 cubiculum
584 3960 736 4033 intentis
760 3961 876 4034 oculis
902 3972 941 4034 et
967 3963 1090 4035 animo

46 4097 271 4170 percurrere,
282 4075 463 4148 inveniret
479 4074 654 4147 latentem
669 4073 859 4147 aciculam.
898 4073 1090 4162 Praeterea,

46 4186 287 4284 logarithmos
304 4188 493 4260 invenitne
511 4187 680 4283 Neperus
698 4211 767 4282 ope
785 4187 970 4283 algebraei
1015 4191 1092 4261 Aut

50 4302 106 4395 qui
137 4325 318 4374 canonem
346 4300 512 4375 condidit
537 4300 695 4390 sinuum,
721 4302 966 4397 tangentium,
981 4314 1019 4373 et
1035 4324 1092 4372 se-

50 4415 220 4502 cantium,
256 4438 322 4510 per
355 4413 625 4487 arithmeticam
666 4413 868 4509 speciosam
903 4412 942 4484 id
975 4412 1091 4486 fecit?

52 4525 214 4624 Denique
233 4552 317 4625 quae
333 4527 537 4624 propositio
561 4527 712 4599 inventa
729 4549 796 4622 per
813 4525 999 4621 algebram
1018 4550 1093 4600 non

1123 903 1269 1007 »ζ’-ι
