<?xml version="1.0" encoding="UTF-8"?>
<!DOCTYPE html PUBLIC "-//W3C//DTD XHTML 1.0 Transitional//EN"
    "http://www.w3.org/TR/xhtml1/DTD/xhtml1-transitional.dtd">
<html xmlns="http://www.w3.org/1999/xhtml" xml:lang="en" lang="en">
 <head>
  <title>
</title>
<meta http-equiv="Content-Type" content="text/html;charset=utf-8" />
  <meta name='ocr-system' content='tesseract 3.04.00' />
  <meta name='ocr-capabilities' content='ocr_page ocr_carea ocr_par ocr_line ocrx_word'/>
</head>
<body>
  <div class='ocr_page' id='page_1' title='image "./thomhobbesmalme03hobbgoog_0467.png"; bbox 0 0 2618 5092; ppageno 0'>
   <div class='ocr_carea' id='block_1_1' title="bbox 218 651 1134 719">
    <p class='ocr_par' dir='ltr' id='par_1_1' title="bbox 218 651 1134 719">
     <span class='ocr_line' id='line_1_1' title="bbox 218 651 1134 719; baseline 0.004 -4"><span class='ocrx_word' id='word_1_1' title='bbox 218 651 292 717; x_wconf 72' lang='lat'><strong>452</strong></span> <span class='ocrx_word' id='word_1_2' title='bbox 361 662 416 715; x_wconf 78' lang='lat' dir='ltr'><strong>DE</strong></span> <span class='ocrx_word' id='word_1_3' title='bbox 435 664 668 719; x_wconf 62' lang='lat' dir='ltr'><strong>Patricium</strong></span> <span class='ocrx_word' id='word_1_4' title='bbox 686 664 740 719; x_wconf 72' lang='lat' dir='ltr'><strong>ET</strong></span> <span class='ocrx_word' id='word_1_5' title='bbox 757 664 1134 719; x_wconf 63' lang='lat' dir='ltr'><strong>annuntiantum</strong></span> 
     </span>
    </p>
   </div>
   <div class='ocr_carea' id='block_1_2' title="bbox 19 830 1266 3849">
    <p class='ocr_par' dir='ltr' id='par_1_2' title="bbox 19 830 1266 3849">
     <span class='ocr_line' id='line_1_2' title="bbox 27 830 1257 930; baseline 0.001 -24"><span class='ocrx_word' id='word_1_6' title='bbox 27 856 172 899; x_wconf 74' lang='lat' dir='ltr'><strong>car-m·</strong></span> <span class='ocrx_word' id='word_1_7' title='bbox 215 831 323 905; x_wconf 81' lang='lat' dir='ltr'><strong>lineae</strong></span> <span class='ocrx_word' id='word_1_8' title='bbox 340 854 549 923; x_wconf 90' lang='lat' dir='ltr'><strong>commune,</strong></span> <span class='ocrx_word' id='word_1_9' title='bbox 565 854 694 906; x_wconf 85' lang='lat' dir='ltr'><strong>omnes</strong></span> <span class='ocrx_word' id='word_1_10' title='bbox 717 830 793 907; x_wconf 79' lang='lat' dir='ltr'><strong>illoe</strong></span> <span class='ocrx_word' id='word_1_11' title='bbox 808 842 1012 930; x_wconf 74' lang='lat' dir='ltr'><strong>tangentes</strong></span> <span class='ocrx_word' id='word_1_12' title='bbox 1032 856 1191 908; x_wconf 86' lang='lat' dir='ltr'><strong>nurnero</strong></span> <span class='ocrx_word' id='word_1_13' title='bbox 1209 832 1257 907; x_wconf 91' lang='lat' dir='ltr'><strong>in-</strong></span> 
     </span>
     <span class='ocr_line' id='line_1_3' title="bbox 21 926 1259 1043; baseline 0.002 -26"><span class='ocrx_word' id='word_1_14' title='bbox 21 926 181 1043; x_wconf 39' lang='lat' dir='ltr'><strong>„a</strong></span> <span class='ocrx_word' id='word_1_15' title='bbox 215 944 332 1019; x_wconf 76' lang='lat' dir='ltr'><strong>finitae</strong></span> <span class='ocrx_word' id='word_1_16' title='bbox 349 944 577 1019; x_wconf 88' lang='lat' dir='ltr'><strong>constituent</strong></span> <span class='ocrx_word' id='word_1_17' title='bbox 592 946 714 1042; x_wconf 88' lang='lat' dir='ltr'><strong>ipsum</strong></span> <span class='ocrx_word' id='word_1_18' title='bbox 729 968 858 1019; x_wconf 88' lang='lat' dir='ltr'><strong>arcum</strong></span> <span class='ocrx_word' id='word_1_19' title='bbox 875 944 993 1019; x_wconf 74' lang='grc' dir='ltr'><strong>ΑΒΘ.</strong></span> <span class='ocrx_word' id='word_1_20' title='bbox 1045 946 1150 1021; x_wconf 79' lang='lat' dir='ltr'><strong>Atei</strong></span> <span class='ocrx_word' id='word_1_21' title='bbox 1171 944 1259 1021; x_wconf 85' lang='lat' dir='ltr'><strong>Brit</strong></span> 
     </span>
     <span class='ocr_line' id='line_1_4' title="bbox 19 1052 1258 1175; baseline 0.003 -44"><span class='ocrx_word' id='word_1_22' title='bbox 19 1052 164 1175; x_wconf 58' lang='lat' dir='ltr'><strong>m</strong></span> <span class='ocrx_word' id='word_1_23' title='bbox 217 1068 327 1131; x_wconf 88' lang='lat' dir='ltr'><strong>extra</strong></span> <span class='ocrx_word' id='word_1_24' title='bbox 352 1059 544 1149; x_wconf 87' lang='lat' dir='ltr'><strong>circulum,</strong></span> <span class='ocrx_word' id='word_1_25' title='bbox 567 1058 736 1157; x_wconf 84' lang='lat' dir='ltr'><strong>quamvis</strong></span> <span class='ocrx_word' id='word_1_26' title='bbox 762 1058 836 1155; x_wconf 89' lang='lat' dir='ltr'><strong>ipsi</strong></span> <span class='ocrx_word' id='word_1_27' title='bbox 859 1058 1098 1157; x_wconf 85' lang='lat' dir='ltr'><strong>contiguum,</strong></span> <span class='ocrx_word' id='word_1_28' title='bbox 1122 1056 1258 1135; x_wconf 74' lang='lat' dir='ltr'><strong>chorda</strong></span> 
     </span>
     <span class='ocr_line' id='line_1_5' title="bbox 216 1169 1258 1271; baseline 0.001 -26"><span class='ocrx_word' id='word_1_29' title='bbox 216 1171 297 1262; x_wconf 85' lang='lat' dir='ltr'><strong>AB,</strong></span> <span class='ocrx_word' id='word_1_30' title='bbox 311 1170 375 1245; x_wconf 87' lang='lat' dir='ltr'><strong>BC</strong></span> <span class='ocrx_word' id='word_1_31' title='bbox 386 1172 564 1245; x_wconf 88' lang='lat' dir='ltr'><strong>secabunt</strong></span> <span class='ocrx_word' id='word_1_32' title='bbox 580 1169 760 1245; x_wconf 88' lang='lat' dir='ltr'><strong>circulum</strong></span> <span class='ocrx_word' id='word_1_33' title='bbox 775 1194 854 1245; x_wconf 91' lang='lat' dir='ltr'><strong>non</strong></span> <span class='ocrx_word' id='word_1_34' title='bbox 869 1170 909 1245; x_wconf 91' lang='lat' dir='ltr'><strong>in</strong></span> <span class='ocrx_word' id='word_1_35' title='bbox 923 1170 1061 1247; x_wconf 89' lang='lat' dir='ltr'><strong>eodem</strong></span> <span class='ocrx_word' id='word_1_36' title='bbox 1077 1170 1258 1271; x_wconf 86' lang='lat' dir='ltr'><strong>punctoin</strong></span> 
     </span>
     <span class='ocr_line' id='line_1_6' title="bbox 217 1282 1257 1385; baseline 0.004 -27"><span class='ocrx_word' id='word_1_37' title='bbox 217 1308 292 1381; x_wconf 90' lang='lat' dir='ltr'><strong>quo</strong></span> <span class='ocrx_word' id='word_1_38' title='bbox 309 1297 457 1359; x_wconf 81' lang='lat' dir='ltr'><strong>secatur</strong></span> <span class='ocrx_word' id='word_1_39' title='bbox 472 1309 497 1359; x_wconf 93' lang='lat' dir='ltr'><strong>a</strong></span> <span class='ocrx_word' id='word_1_40' title='bbox 512 1296 617 1359; x_wconf 90' lang='lat' dir='ltr'><strong>recta</strong></span> <span class='ocrx_word' id='word_1_41' title='bbox 632 1284 708 1376; x_wconf 85' lang='lat' dir='ltr'><strong>FB,</strong></span> <span class='ocrx_word' id='word_1_42' title='bbox 719 1282 786 1359; x_wconf 89' lang='lat' dir='ltr'><strong>sed</strong></span> <span class='ocrx_word' id='word_1_43' title='bbox 801 1284 1003 1383; x_wconf 85' lang='lat' dir='ltr'><strong>utrobique</strong></span> <span class='ocrx_word' id='word_1_44' title='bbox 1019 1284 1120 1361; x_wconf 86' lang='lat' dir='ltr'><strong>citra</strong></span> <span class='ocrx_word' id='word_1_45' title='bbox 1136 1286 1257 1385; x_wconf 80' lang='lat' dir='ltr'><strong>iprum</strong></span> 
     </span>
     <span class='ocr_line' id='line_1_7' title="bbox 216 1396 1258 1495; baseline 0.002 -23"><span class='ocrx_word' id='word_1_46' title='bbox 216 1398 339 1472; x_wconf 84' lang='lat' dir='ltr'><strong>Docet</strong></span> <span class='ocrx_word' id='word_1_47' title='bbox 363 1397 462 1471; x_wconf 91' lang='lat' dir='ltr'><strong>enim</strong></span> <span class='ocrx_word' id='word_1_48' title='bbox 493 1396 666 1471; x_wconf 81' lang='lat' dir='ltr'><strong>Euclides</strong></span> <span class='ocrx_word' id='word_1_49' title='bbox 695 1396 816 1495; x_wconf 88' lang='lat' dir='ltr'>(prop.</span> <span class='ocrx_word' id='word_1_50' title='bbox 840 1406 877 1473; x_wconf 77' lang='lat'><strong>2.</strong></span> <span class='ocrx_word' id='word_1_51' title='bbox 900 1398 1023 1475; x_wconf 83' lang='lat' dir='ltr'><strong>Elem.</strong></span> <span class='ocrx_word' id='word_1_52' title='bbox 1041 1400 1102 1495; x_wconf 91' lang='lat' dir='ltr'><strong>iii)</strong></span> <span class='ocrx_word' id='word_1_53' title='bbox 1129 1410 1258 1473; x_wconf 85' lang='lat' dir='ltr'><strong>rectam</strong></span> 
     </span>
     <span class='ocr_line' id='line_1_8' title="bbox 217 1509 1256 1611; baseline 0 -26"><span class='ocrx_word' id='word_1_54' title='bbox 217 1510 281 1585; x_wconf 85' lang='lat' dir='ltr'><strong>CB</strong></span> <span class='ocrx_word' id='word_1_55' title='bbox 294 1520 413 1584; x_wconf 90' lang='lat' dir='ltr'><strong>totam</strong></span> <span class='ocrx_word' id='word_1_56' title='bbox 431 1534 511 1584; x_wconf 91' lang='lat' dir='ltr'><strong>esse</strong></span> <span class='ocrx_word' id='word_1_57' title='bbox 527 1510 628 1585; x_wconf 89' lang='lat' dir='ltr'><strong>intra</strong></span> <span class='ocrx_word' id='word_1_58' title='bbox 643 1510 836 1601; x_wconf 90' lang='lat' dir='ltr'><strong>circulum,</strong></span> <span class='ocrx_word' id='word_1_59' title='bbox 852 1522 893 1587; x_wconf 91' lang='lat' dir='ltr'><strong>et</strong></span> <span class='ocrx_word' id='word_1_60' title='bbox 913 1511 1040 1611; x_wconf 88' lang='lat' dir='ltr'>(prop.</span> <span class='ocrx_word' id='word_1_61' title='bbox 1063 1521 1123 1587; x_wconf 85' lang='lat'><strong>16.</strong></span> <span class='ocrx_word' id='word_1_62' title='bbox 1140 1512 1195 1587; x_wconf 87' lang='lat' dir='ltr'><strong>El.</strong></span> <span class='ocrx_word' id='word_1_63' title='bbox 1209 1509 1256 1604; x_wconf 88' lang='lat' dir='ltr'><strong>iii)</strong></span> 
     </span>
     <span class='ocr_line' id='line_1_9' title="bbox 216 1622 1258 1723; baseline 0.001 -27"><span class='ocrx_word' id='word_1_64' title='bbox 216 1631 433 1719; x_wconf 83' lang='lat' dir='ltr'><strong>tangentem</strong></span> <span class='ocrx_word' id='word_1_65' title='bbox 449 1646 530 1697; x_wconf 87' lang='lat' dir='ltr'><strong>esse</strong></span> <span class='ocrx_word' id='word_1_66' title='bbox 546 1635 665 1698; x_wconf 80' lang='lat' dir='ltr'><strong>totam</strong></span> <span class='ocrx_word' id='word_1_67' title='bbox 681 1632 789 1697; x_wconf 87' lang='lat' dir='ltr'><strong>extra</strong></span> <span class='ocrx_word' id='word_1_68' title='bbox 799 1622 995 1699; x_wconf 87' lang='lat' dir='ltr'><strong>circulum.</strong></span> <span class='ocrx_word' id='word_1_69' title='bbox 1048 1623 1258 1723; x_wconf 71' lang='lat' dir='ltr'><strong>Itaquenui</strong></span> 
     </span>
     <span class='ocr_line' id='line_1_10' title="bbox 216 1734 1258 1835; baseline 0.001 -25"><span class='ocrx_word' id='word_1_70' title='bbox 216 1734 255 1810; x_wconf 89' lang='lat' dir='ltr'><strong>la</strong></span> <span class='ocrx_word' id='word_1_71' title='bbox 275 1746 379 1811; x_wconf 88' lang='lat' dir='ltr'><strong>recta</strong></span> <span class='ocrx_word' id='word_1_72' title='bbox 401 1746 537 1834; x_wconf 85' lang='lat' dir='ltr'><strong>praeter</strong></span> <span class='ocrx_word' id='word_1_73' title='bbox 564 1736 625 1809; x_wconf 85' lang='lat' dir='ltr'><strong>FB</strong></span> <span class='ocrx_word' id='word_1_74' title='bbox 647 1736 809 1811; x_wconf 88' lang='lat' dir='ltr'><strong>transire</strong></span> <span class='ocrx_word' id='word_1_75' title='bbox 833 1748 962 1835; x_wconf 86' lang='lat' dir='ltr'><strong>potest</strong></span> <span class='ocrx_word' id='word_1_76' title='bbox 992 1762 1064 1835; x_wconf 91' lang='lat' dir='ltr'><strong>per</strong></span> <span class='ocrx_word' id='word_1_77' title='bbox 1079 1762 1206 1813; x_wconf 88' lang='lat' dir='ltr'><strong>arcum</strong></span> <span class='ocrx_word' id='word_1_78' title='bbox 1226 1746 1258 1811; x_wconf 86' lang='lat' dir='ltr'><strong>et</strong></span> 
     </span>
     <span class='ocr_line' id='line_1_11' title="bbox 216 1846 1260 1949; baseline 0.004 -27"><span class='ocrx_word' id='word_1_79' title='bbox 216 1857 430 1945; x_wconf 83' lang='lat' dir='ltr'><strong>tangentem</strong></span> <span class='ocrx_word' id='word_1_80' title='bbox 449 1848 497 1923; x_wconf 91' lang='lat' dir='ltr'><strong>ad</strong></span> <span class='ocrx_word' id='word_1_81' title='bbox 514 1846 613 1923; x_wconf 92' lang='lat' dir='ltr'><strong>idem</strong></span> <span class='ocrx_word' id='word_1_82' title='bbox 626 1860 807 1946; x_wconf 90' lang='lat' dir='ltr'><strong>punctum</strong></span> <span class='ocrx_word' id='word_1_83' title='bbox 821 1848 866 1939; x_wconf 91' lang='lat' dir='ltr'><strong>B,</strong></span> <span class='ocrx_word' id='word_1_84' title='bbox 878 1872 1016 1949; x_wconf 91' lang='lat' dir='ltr'><strong>nempe</strong></span> <span class='ocrx_word' id='word_1_85' title='bbox 1028 1848 1080 1925; x_wconf 89' lang='lat' dir='ltr'><strong>ad</strong></span> <span class='ocrx_word' id='word_1_86' title='bbox 1091 1862 1260 1947; x_wconf 85' lang='lat' dir='ltr'><strong>punctum</strong></span> 
     </span>
     <span class='ocr_line' id='line_1_12' title="bbox 218 1961 1258 2061; baseline 0.002 -26"><span class='ocrx_word' id='word_1_87' title='bbox 218 1961 320 2061; x_wconf 92' lang='lat' dir='ltr'><strong>qnod</strong></span> <span class='ocrx_word' id='word_1_88' title='bbox 338 1973 474 2036; x_wconf 85' lang='lat' dir='ltr'><strong>vocant</strong></span> <span class='ocrx_word' id='word_1_89' title='bbox 490 1970 694 2054; x_wconf 76' lang='lat' dir='ltr'><strong>mutuatas,</strong></span> <span class='ocrx_word' id='word_1_90' title='bbox 711 1962 784 2037; x_wconf 88' lang='lat' dir='ltr'><strong>nisi</strong></span> <span class='ocrx_word' id='word_1_91' title='bbox 800 1962 950 2061; x_wconf 92' lang='lat' dir='ltr'><strong>utrique</strong></span> <span class='ocrx_word' id='word_1_92' title='bbox 963 1963 1077 2039; x_wconf 82' lang='lat' dir='ltr'><strong>lineae</strong></span> <span class='ocrx_word' id='word_1_93' title='bbox 1093 1964 1258 2039; x_wconf 69' lang='lat' dir='ltr'><strong>armum</strong></span> 
     </span>
     <span class='ocr_line' id='line_1_13' title="bbox 217 2074 605 2173; baseline -0.003 -23"><span class='ocrx_word' id='word_1_94' title='bbox 217 2086 281 2150; x_wconf 89' lang='lat' dir='ltr'><strong>tur</strong></span> <span class='ocrx_word' id='word_1_95' title='bbox 296 2074 455 2150; x_wconf 88' lang='lat' dir='ltr'><strong>latitudo</strong></span> <span class='ocrx_word' id='word_1_96' title='bbox 472 2074 605 2173; x_wconf 80' lang='lat' dir='ltr'><strong>aliqua</strong></span> 
     </span>
     <span class='ocr_line' id='line_1_14' title="bbox 269 2187 1260 2289; baseline -0.002 -26"><span class='ocrx_word' id='word_1_97' title='bbox 269 2190 399 2287; x_wconf 86' lang='lat' dir='ltr'><strong>Itaque</strong></span> <span class='ocrx_word' id='word_1_98' title='bbox 426 2189 521 2264; x_wconf 88' lang='lat' dir='ltr'><strong>falso</strong></span> <span class='ocrx_word' id='word_1_99' title='bbox 545 2211 633 2262; x_wconf 90' lang='lat' dir='ltr'><strong>usus</strong></span> <span class='ocrx_word' id='word_1_100' title='bbox 659 2187 843 2287; x_wconf 90' lang='lat' dir='ltr'><strong>principio</strong></span> <span class='ocrx_word' id='word_1_101' title='bbox 867 2188 954 2279; x_wconf 86' lang='lat' dir='ltr'><strong>hoc,</strong></span> <span class='ocrx_word' id='word_1_102' title='bbox 981 2197 1167 2289; x_wconf 78' lang='lat' dir='ltr'><strong>punctum</strong></span> <span class='ocrx_word' id='word_1_103' title='bbox 1188 2210 1260 2261; x_wconf 79' lang='lat' dir='ltr'><strong>erre</strong></span> 
     </span>
     <span class='ocr_line' id='line_1_15' title="bbox 218 2301 1259 2400; baseline -0.002 -24"><span class='ocrx_word' id='word_1_104' title='bbox 218 2302 324 2394; x_wconf 80' lang='lat' dir='ltr'><strong>nihil,</strong></span> <span class='ocrx_word' id='word_1_105' title='bbox 335 2315 421 2400; x_wconf 89' lang='lat' dir='ltr'><strong>post</strong></span> <span class='ocrx_word' id='word_1_106' title='bbox 437 2302 573 2376; x_wconf 90' lang='lat' dir='ltr'><strong>multas</strong></span> <span class='ocrx_word' id='word_1_107' title='bbox 591 2301 926 2376; x_wconf 81' lang='lat' dir='ltr'><strong>demonstrationes</strong></span> <span class='ocrx_word' id='word_1_108' title='bbox 942 2301 1085 2391; x_wconf 88' lang='lat' dir='ltr'><strong>intulit,</strong></span> <span class='ocrx_word' id='word_1_109' title='bbox 1099 2301 1259 2397; x_wconf 72' lang='lat' dir='ltr'><strong>drfferer·</strong></span> 
     </span>
     <span class='ocr_line' id='line_1_16' title="bbox 219 2414 1260 2514; baseline -0.006 -25"><span class='ocrx_word' id='word_1_110' title='bbox 219 2418 311 2489; x_wconf 83' lang='lat' dir='ltr'><strong>tiam</strong></span> <span class='ocrx_word' id='word_1_111' title='bbox 346 2417 442 2490; x_wconf 84' lang='lat' dir='ltr'><strong>inter</strong></span> <span class='ocrx_word' id='word_1_112' title='bbox 476 2416 628 2489; x_wconf 81' lang='lat' dir='ltr'><strong>tertiam</strong></span> <span class='ocrx_word' id='word_1_113' title='bbox 651 2424 804 2514; x_wconf 82' lang='lat' dir='ltr'><strong>partem</strong></span> <span class='ocrx_word' id='word_1_114' title='bbox 834 2439 948 2487; x_wconf 76' lang='lat' dir='ltr'><strong>arcas</strong></span> <span class='ocrx_word' id='word_1_115' title='bbox 979 2414 1203 2513; x_wconf 76' lang='lat' dir='ltr'><strong>quadrantis</strong></span> <span class='ocrx_word' id='word_1_116' title='bbox 1229 2420 1260 2484; x_wconf 81' lang='lat' dir='ltr'><strong>et</strong></span> 
     </span>
     <span class='ocr_line' id='line_1_17' title="bbox 220 2526 1260 2624; baseline -0.007 -21"><span class='ocrx_word' id='word_1_117' title='bbox 220 2529 411 2619; x_wconf 79' lang='lat' dir='ltr'><strong>chordam,</strong></span> <span class='ocrx_word' id='word_1_118' title='bbox 436 2528 491 2602; x_wconf 88' lang='lat' dir='ltr'><strong>ad</strong></span> <span class='ocrx_word' id='word_1_119' title='bbox 505 2527 758 2624; x_wconf 63' lang='lat' dir='ltr'><strong>dfferentiam</strong></span> <span class='ocrx_word' id='word_1_120' title='bbox 786 2527 885 2601; x_wconf 83' lang='lat' dir='ltr'><strong>inter</strong></span> <span class='ocrx_word' id='word_1_121' title='bbox 902 2528 1084 2603; x_wconf 78' lang='lat' dir='ltr'><strong>chordam</strong></span> <span class='ocrx_word' id='word_1_122' title='bbox 1110 2526 1260 2623; x_wconf 73' lang='lat' dir='ltr'><strong>ejusden</strong></span> 
     </span>
     <span class='ocr_line' id='line_1_18' title="bbox 220 2638 1261 2740; baseline -0.006 -26"><span class='ocrx_word' id='word_1_123' title='bbox 220 2642 346 2715; x_wconf 76' lang='lat' dir='ltr'><strong>tertia</strong></span> <span class='ocrx_word' id='word_1_124' title='bbox 366 2641 497 2740; x_wconf 83' lang='lat' dir='ltr'><strong>partis</strong></span> <span class='ocrx_word' id='word_1_125' title='bbox 523 2651 563 2713; x_wconf 90' lang='lat' dir='ltr'><strong>et</strong></span> <span class='ocrx_word' id='word_1_126' title='bbox 586 2641 705 2713; x_wconf 76' lang='lat' dir='ltr'><strong>sinam</strong></span> <span class='ocrx_word' id='word_1_127' title='bbox 721 2641 803 2735; x_wconf 77' lang='lat' dir='ltr'><strong>ejus</strong></span> <span class='ocrx_word' id='word_1_128' title='bbox 823 2640 917 2734; x_wconf 92' lang='lat' dir='ltr'><strong>(sive</strong></span> <span class='ocrx_word' id='word_1_129' title='bbox 945 2640 1184 2715; x_wconf 88' lang='lat' dir='ltr'><strong>semiradium</strong></span> <span class='ocrx_word' id='word_1_130' title='bbox 1199 2638 1261 2710; x_wconf 88' lang='lat' dir='ltr'><strong>cir-</strong></span> 
     </span>
     <span class='ocr_line' id='line_1_19' title="bbox 220 2749 1263 2851; baseline -0.001 -26"><span class='ocrx_word' id='word_1_131' title='bbox 220 2755 310 2848; x_wconf 89' lang='lat' dir='ltr'><strong>culi)</strong></span> <span class='ocrx_word' id='word_1_132' title='bbox 326 2755 502 2851; x_wconf 78' lang='lat' dir='ltr'><strong>majorem.</strong></span> <span class='ocrx_word' id='word_1_133' title='bbox 519 2753 853 2827; x_wconf 69' lang='lat' dir='ltr'><strong>interemtionem</strong></span> <span class='ocrx_word' id='word_1_134' title='bbox 870 2779 984 2851; x_wconf 84' lang='lat' dir='ltr'><strong>quam</strong></span> <span class='ocrx_word' id='word_1_135' title='bbox 1001 2765 1023 2827; x_wconf 87' lang='grc'>4</span> <span class='ocrx_word' id='word_1_136' title='bbox 1043 2754 1100 2828; x_wconf 85' lang='lat' dir='ltr'><strong>ad</strong></span> <span class='ocrx_word' id='word_1_137' title='bbox 1114 2763 1155 2827; x_wconf 88' lang='lat'><strong>3:</strong></span> <span class='ocrx_word' id='word_1_138' title='bbox 1173 2749 1263 2849; x_wconf 86' lang='lat' dir='ltr'><strong>quod</strong></span> 
     </span>
     <span class='ocr_line' id='line_1_20' title="bbox 220 2863 1263 2965; baseline -0.004 -23"><span class='ocrx_word' id='word_1_139' title='bbox 220 2892 296 2943; x_wconf 93' lang='lat' dir='ltr'><strong>non</strong></span> <span class='ocrx_word' id='word_1_140' title='bbox 309 2893 440 2965; x_wconf 91' lang='lat' dir='ltr'><strong>parum</strong></span> <span class='ocrx_word' id='word_1_141' title='bbox 453 2868 649 2941; x_wconf 88' lang='lat' dir='ltr'><strong>confirmat</strong></span> <span class='ocrx_word' id='word_1_142' title='bbox 666 2867 705 2941; x_wconf 92' lang='lat' dir='ltr'><strong>id</strong></span> <span class='ocrx_word' id='word_1_143' title='bbox 718 2866 817 2963; x_wconf 91' lang='lat' dir='ltr'><strong>quod</strong></span> <span class='ocrx_word' id='word_1_144' title='bbox 830 2868 994 2943; x_wconf 88' lang='lat' dir='ltr'><strong>refutare</strong></span> <span class='ocrx_word' id='word_1_145' title='bbox 1004 2869 1135 2943; x_wconf 87' lang='lat' dir='ltr'><strong>voluit.</strong></span> <span class='ocrx_word' id='word_1_146' title='bbox 1163 2863 1263 2942; x_wconf 79' lang='lat' dir='ltr'><strong>Quod</strong></span> 
     </span>
     <span class='ocr_line' id='line_1_21' title="bbox 222 2980 1264 3077; baseline -0.006 -21"><span class='ocrx_word' id='word_1_147' title='bbox 222 2994 346 3056; x_wconf 90' lang='lat' dir='ltr'><strong>autem</strong></span> <span class='ocrx_word' id='word_1_148' title='bbox 367 2982 494 3055; x_wconf 90' lang='lat' dir='ltr'><strong>intulit</strong></span> <span class='ocrx_word' id='word_1_149' title='bbox 521 2992 660 3054; x_wconf 88' lang='lat' dir='ltr'><strong>rectam</strong></span> <span class='ocrx_word' id='word_1_150' title='bbox 684 2981 929 3077; x_wconf 90' lang='lat' dir='ltr'><strong>compositam</strong></span> <span class='ocrx_word' id='word_1_151' title='bbox 952 3005 976 3054; x_wconf 92' lang='lat' dir='ltr'><strong>a</strong></span> <span class='ocrx_word' id='word_1_152' title='bbox 1000 2980 1164 3055; x_wconf 85' lang='lat' dir='ltr'><strong>radicet</strong></span> <span class='ocrx_word' id='word_1_153' title='bbox 1190 2992 1264 3052; x_wconf 91' lang='lat' dir='ltr'><strong>tan-</strong></span> 
     </span>
     <span class='ocr_line' id='line_1_22' title="bbox 221 3092 1263 3193; baseline -0.005 -24"><span class='ocrx_word' id='word_1_154' title='bbox 221 3108 334 3193; x_wconf 87' lang='lat' dir='ltr'><strong>gente</strong></span> <span class='ocrx_word' id='word_1_155' title='bbox 352 3103 401 3169; x_wconf 82' lang='lat'><strong>30</strong></span> <span class='ocrx_word' id='word_1_156' title='bbox 418 3094 600 3191; x_wconf 89' lang='lat' dir='ltr'><strong>graduum</strong></span> <span class='ocrx_word' id='word_1_157' title='bbox 624 3095 803 3190; x_wconf 89' lang='lat' dir='ltr'><strong>majorem</strong></span> <span class='ocrx_word' id='word_1_158' title='bbox 828 3117 908 3167; x_wconf 90' lang='lat' dir='ltr'><strong>esse</strong></span> <span class='ocrx_word' id='word_1_159' title='bbox 934 3118 1026 3167; x_wconf 91' lang='lat' dir='ltr'><strong>arcu</strong></span> <span class='ocrx_word' id='word_1_160' title='bbox 1043 3092 1263 3190; x_wconf 84' lang='lat' dir='ltr'><strong>quadrantis,</strong></span> 
     </span>
     <span class='ocr_line' id='line_1_23' title="bbox 222 3206 1265 3306; baseline -0.006 -23"><span class='ocrx_word' id='word_1_161' title='bbox 222 3209 399 3306; x_wconf 88' lang='lat' dir='ltr'><strong>deceptus</strong></span> <span class='ocrx_word' id='word_1_162' title='bbox 416 3207 518 3297; x_wconf 83' lang='lat' dir='ltr'><strong>fecit,</strong></span> <span class='ocrx_word' id='word_1_163' title='bbox 537 3232 581 3281; x_wconf 92' lang='lat' dir='ltr'><strong>eo</strong></span> <span class='ocrx_word' id='word_1_164' title='bbox 602 3206 701 3302; x_wconf 90' lang='lat' dir='ltr'><strong>quod</strong></span> <span class='ocrx_word' id='word_1_165' title='bbox 717 3218 867 3302; x_wconf 89' lang='lat' dir='ltr'><strong>putaret</strong></span> <span class='ocrx_word' id='word_1_166' title='bbox 884 3206 1032 3280; x_wconf 90' lang='lat' dir='ltr'><strong>radium</strong></span> <span class='ocrx_word' id='word_1_167' title='bbox 1050 3207 1181 3281; x_wconf 86' lang='lat' dir='ltr'><strong>circuli</strong></span> <span class='ocrx_word' id='word_1_168' title='bbox 1197 3229 1265 3279; x_wconf 93' lang='lat' dir='ltr'><strong>non</strong></span> 
     </span>
     <span class='ocr_line' id='line_1_24' title="bbox 223 3319 1265 3417; baseline -0.003 -22"><span class='ocrx_word' id='word_1_169' title='bbox 223 3323 403 3395; x_wconf 89' lang='lat' dir='ltr'><strong>minorem</strong></span> <span class='ocrx_word' id='word_1_170' title='bbox 421 3344 626 3417; x_wconf 89' lang='lat' dir='ltr'><strong>essequam</strong></span> <span class='ocrx_word' id='word_1_171' title='bbox 645 3344 728 3416; x_wconf 86' lang='lat' dir='ltr'><strong>quae</strong></span> <span class='ocrx_word' id='word_1_172' title='bbox 746 3320 792 3392; x_wconf 89' lang='lat' dir='ltr'><strong>ab</strong></span> <span class='ocrx_word' id='word_1_173' title='bbox 810 3319 944 3393; x_wconf 92' lang='lat' dir='ltr'><strong>eodem</strong></span> <span class='ocrx_word' id='word_1_174' title='bbox 967 3332 1101 3395; x_wconf 91' lang='lat' dir='ltr'><strong>centro</strong></span> <span class='ocrx_word' id='word_1_175' title='bbox 1119 3320 1167 3393; x_wconf 90' lang='lat' dir='ltr'><strong>ad</strong></span> <span class='ocrx_word' id='word_1_176' title='bbox 1193 3332 1265 3393; x_wconf 91' lang='lat' dir='ltr'><strong>tan·</strong></span> 
     </span>
     <span class='ocr_line' id='line_1_25' title="bbox 223 3431 1266 3532; baseline -0.005 -24"><span class='ocrx_word' id='word_1_177' title='bbox 223 3447 372 3532; x_wconf 87' lang='lat' dir='ltr'><strong>gentem</strong></span> <span class='ocrx_word' id='word_1_178' title='bbox 390 3435 550 3523; x_wconf 86' lang='lat' dir='ltr'><strong>ducitur,</strong></span> <span class='ocrx_word' id='word_1_179' title='bbox 568 3458 652 3530; x_wconf 82' lang='lat' dir='ltr'><strong>quae</strong></span> <span class='ocrx_word' id='word_1_180' title='bbox 669 3444 724 3506; x_wconf 92' lang='lat' dir='ltr'><strong>est</strong></span> <span class='ocrx_word' id='word_1_181' title='bbox 741 3444 847 3507; x_wconf 87' lang='lat' dir='ltr'><strong>extra</strong></span> <span class='ocrx_word' id='word_1_182' title='bbox 867 3434 1061 3507; x_wconf 88' lang='lat' dir='ltr'><strong>circulum.</strong></span> <span class='ocrx_word' id='word_1_183' title='bbox 1115 3431 1266 3509; x_wconf 88' lang='lat' dir='ltr'><strong>Consule</strong></span> 
     </span>
     <span class='ocr_line' id='line_1_26' title="bbox 223 3546 1266 3645; baseline -0.002 -24"><span class='ocrx_word' id='word_1_184' title='bbox 223 3550 343 3645; x_wconf 89' lang='lat' dir='ltr'><strong>ipsum</strong></span> <span class='ocrx_word' id='word_1_185' title='bbox 361 3550 458 3622; x_wconf 91' lang='lat' dir='ltr'><strong>illius</strong></span> <span class='ocrx_word' id='word_1_186' title='bbox 474 3550 621 3638; x_wconf 89' lang='lat' dir='ltr'><strong>librum,</strong></span> <span class='ocrx_word' id='word_1_187' title='bbox 640 3549 745 3643; x_wconf 87' lang='lat' dir='ltr'><strong>cujus</strong></span> <span class='ocrx_word' id='word_1_188' title='bbox 758 3546 848 3620; x_wconf 92' lang='lat' dir='ltr'><strong>mihi</strong></span> <span class='ocrx_word' id='word_1_189' title='bbox 866 3547 1069 3645; x_wconf 85' lang='lat' dir='ltr'><strong>exemplar,</strong></span> <span class='ocrx_word' id='word_1_190' title='bbox 1088 3547 1178 3620; x_wconf 92' lang='lat' dir='ltr'><strong>dum</strong></span> <span class='ocrx_word' id='word_1_191' title='bbox 1193 3546 1266 3619; x_wconf 85' lang='lat' dir='ltr'><strong>haec</strong></span> 
     </span>
     <span class='ocr_line' id='line_1_27' title="bbox 224 3659 1266 3755; baseline -0.004 -20"><span class='ocrx_word' id='word_1_192' title='bbox 224 3662 357 3749; x_wconf 84' lang='lat' dir='ltr'><strong>scriba,</strong></span> <span class='ocrx_word' id='word_1_193' title='bbox 376 3662 502 3735; x_wconf 89' lang='lat' dir='ltr'><strong>deest:</strong></span> <span class='ocrx_word' id='word_1_194' title='bbox 520 3685 602 3751; x_wconf 90' lang='lat' dir='ltr'><strong>nec,</strong></span> <span class='ocrx_word' id='word_1_195' title='bbox 620 3661 651 3734; x_wconf 91' lang='lat' dir='ltr'><strong>si</strong></span> <span class='ocrx_word' id='word_1_196' title='bbox 669 3659 826 3749; x_wconf 87' lang='lat' dir='ltr'><strong>adesset,</strong></span> <span class='ocrx_word' id='word_1_197' title='bbox 841 3659 1181 3735; x_wconf 89' lang='lat' dir='ltr'><strong>demonstrationes</strong></span> <span class='ocrx_word' id='word_1_198' title='bbox 1197 3661 1266 3755; x_wconf 88' lang='lat' dir='ltr'><strong>ejus</strong></span> 
     </span>
     <span class='ocr_line' id='line_1_28' title="bbox 224 3773 858 3849; baseline -0.005 -1"><span class='ocrx_word' id='word_1_199' title='bbox 224 3775 417 3849; x_wconf 91' lang='lat' dir='ltr'><strong>commode</strong></span> <span class='ocrx_word' id='word_1_200' title='bbox 433 3775 494 3848; x_wconf 91' lang='lat' dir='ltr'><strong>hic</strong></span> <span class='ocrx_word' id='word_1_201' title='bbox 513 3773 858 3847; x_wconf 86' lang='lat' dir='ltr'><strong>transcriberentur.</strong></span> 
     </span>
    </p>
   </div>
   <div class='ocr_carea' id='block_1_3' title="bbox 616 4204 876 4279">
    <p class='ocr_par' dir='ltr' id='par_1_3' title="bbox 616 4204 876 4279">
     <span class='ocr_line' id='line_1_29' title="bbox 616 4204 876 4279; baseline -0.012 0"><span class='ocrx_word' id='word_1_202' title='bbox 616 4206 720 4279; x_wconf 87' lang='lat' dir='ltr'><strong>CAP.</strong></span> <span class='ocrx_word' id='word_1_203' title='bbox 750 4204 876 4278; x_wconf 86' lang='lat' dir='ltr'>XXII.</span> 
     </span>
    </p>
   </div>
   <div class='ocr_carea' id='block_1_4' title="bbox 503 4364 990 4419">
    <p class='ocr_par' dir='ltr' id='par_1_4' title="bbox 503 4364 990 4419">
     <span class='ocr_line' id='line_1_30' title="bbox 503 4364 990 4419; baseline -0.004 0"><span class='ocrx_word' id='word_1_204' title='bbox 503 4366 557 4419; x_wconf 82' lang='lat' dir='ltr'><strong>DE</strong></span> <span class='ocrx_word' id='word_1_205' title='bbox 586 4366 792 4419; x_wconf 70' lang='lat' dir='ltr'><strong>saculomt</strong></span> <span class='ocrx_word' id='word_1_206' title='bbox 811 4364 990 4418; x_wconf 79' lang='lat' dir='ltr'><strong>ANGULI.</strong></span> 
     </span>
    </p>
   </div>
   <div class='ocr_carea' id='block_1_5' title="bbox 221 4470 1261 4777">
    <p class='ocr_par' dir='ltr' id='par_1_5' title="bbox 221 4470 1261 4777">
     <span class='ocr_line' id='line_1_31' title="bbox 223 4470 1023 4567; baseline -0.004 -20"><span class='ocrx_word' id='word_1_207' title='bbox 223 4477 479 4548; x_wconf 82' lang='lat' dir='ltr'><strong>annnrnun</strong></span> <span class='ocrx_word' id='word_1_208' title='bbox 498 4472 545 4545; x_wconf 87' lang='lat' dir='ltr'><strong>ad</strong></span> <span class='ocrx_word' id='word_1_209' title='bbox 563 4470 791 4567; x_wconf 87' lang='lat' dir='ltr'><strong>diagramma</strong></span> <span class='ocrx_word' id='word_1_210' title='bbox 804 4470 946 4566; x_wconf 89' lang='lat' dir='ltr'><strong>Capitis</strong></span> <span class='ocrx_word' id='word_1_211' title='bbox 961 4495 1023 4544; x_wconf 82' lang='lat' dir='ltr'><strong>xx.</strong></span> 
     </span>
     <span class='ocr_line' id='line_1_32' title="bbox 274 4584 1261 4684; baseline -0.006 -23"><span class='ocrx_word' id='word_1_212' title='bbox 274 4589 317 4661; x_wconf 91' lang='lat' dir='ltr'><strong>ln</strong></span> <span class='ocrx_word' id='word_1_213' title='bbox 334 4588 397 4661; x_wconf 85' lang='lat' dir='ltr'><strong>illo</strong></span> <span class='ocrx_word' id='word_1_214' title='bbox 411 4587 690 4684; x_wconf 82' lang='lat' dir='ltr'><strong>diagrammate,</strong></span> <span class='ocrx_word' id='word_1_215' title='bbox 706 4585 754 4657; x_wconf 91' lang='lat' dir='ltr'><strong>sit</strong></span> <span class='ocrx_word' id='word_1_216' title='bbox 771 4584 881 4657; x_wconf 85' lang='lat' dir='ltr'><strong>dutus</strong></span> <span class='ocrx_word' id='word_1_217' title='bbox 895 4607 1007 4657; x_wconf 89' lang='lat' dir='ltr'><strong>arcus</strong></span> <span class='ocrx_word' id='word_1_218' title='bbox 1020 4584 1203 4660; x_wconf 85' lang='lat' dir='ltr'><strong>trifariam</strong></span> <span class='ocrx_word' id='word_1_219' title='bbox 1218 4605 1261 4655; x_wconf 77' lang='lat' dir='ltr'><strong>se</strong></span> 
     </span>
     <span class='ocr_line' id='line_1_33' title="bbox 221 4699 446 4777; baseline -0.013 0"><span class='ocrx_word' id='word_1_220' title='bbox 221 4699 363 4777; x_wconf 86' lang='lat' dir='ltr'><strong>candus</strong></span> <span class='ocrx_word' id='word_1_221' title='bbox 381 4700 446 4774; x_wconf 80' lang='lat' dir='ltr'><strong>Bu.</strong></span> 
     </span>
    </p>
   </div>
   <div class='ocr_carea' id='block_1_6' title="bbox 0 0 1329 5092">
    <p class='ocr_par' dir='ltr' id='par_1_6' title="bbox 0 0 1329 5092">
     <span class='ocr_line' id='line_1_34' title="bbox 0 0 1329 5092; baseline 0 0"><span class='ocrx_word' id='word_1_222' title='bbox 0 0 1329 5092; x_wconf 95' lang='lat' dir='ltr'><strong> </strong></span> 
     </span>
    </p>
   </div>
  </div>
 </body>
</html>
