2618 5092
280 639 607 693 ununnunnscn:
628 639 875 692 uomunun.
1056 627 1101 695 61

85 811 134 884 A.
160 808 346 884 Faciam.
387 807 462 881 Sed
480 807 687 882 delinienda
704 808 877 904 estprius
895 808 1002 882 linea.
1038 811 1106 882 Est
1143 836 1295 889 nunnoni

47 949 126 1022 ergo
142 925 272 1014 linea,
298 922 365 997 oio
387 948 461 1021 quo
469 921 609 1019 fertur
624 931 757 995 motum
767 931 958 1020 punctam.
1009 922 1105 1013 Jam,
1147 919 1289 1023 ss

51 1038 274 1138 superficies
285 1035 416 1135 planu
430 1044 488 1107 cst
500 1033 562 1108 oio
574 1033 682 1107 lineo
696 1034 753 1107 itu
765 1043 883 1125 moto,
900 1044 941 1108 ut
953 1035 1107 1135 cingulo

55 1155 125 1247 aaa
145 1159 303 1250 punctu
331 1145 506 1247 singulos
532 1146 750 1221 describant
772 1146 893 1220 lineos
915 1159 1108 1224 reclus.-

56 1264 231 1339 Definitio
245 1273 386 1337 octava
399 1272 455 1335 est
467 1261 592 1358 anguli
604 1260 706 1356 plani
718 1261 797 1334 haec
810 1288 819 1332 ε
831 1260 973 1360 pluam
990 1288 1107 1362 ango·

58 1377 111 1451 lus
127 1387 185 1451 cst
203 1376 371 1451 deorum
388 1373 582 1464 lineorum,
612 1374 650 1447 in
670 1372 792 1471 plano
817 1397 860 1448 ee
881 1385 1005 1448 mutuo
1023 1386 1107 1451 ton-

57 1490 219 1590 gentium
236 1498 277 1563 et
299 1511 375 1562 noa
395 1485 434 1561 in
452 1487 632 1560 directum
636 1486 855 1583 jacentium,
881 1486 1038 1563 alterius
1054 1491 1110 1564 od

60 1603 218 1678 alteram
241 1599 453 1676 inclinatio.
506 1601 628 1696 Hujus
645 1598 867 1673 delinitionis
884 1602 1014 1675 vitium
1031 1605 1108 1700 pri-

60 1741 157 1791 mum
185 1725 246 1788 est
273 1711 535 1797 obscuritatis3
560 1735 694 1808 nempe
719 1713 759 1785 iu
783 1737 874 1787 voce
902 1713 1105 1791 inclinatio.

61 1830 153 1903 Nam
166 1825 377 1902 secundum
387 1824 589 1914 Euclidem,
602 1825 792 1900 inclinatio
806 1851 884 1901 esse
897 1851 973 1902 non
985 1840 1107 1925 potest

60 1943 126 2016 nisi
138 1942 179 2016 in
196 1938 349 2037 angulis
365 1938 504 2022 acutis;
530 1938 655 2035 itaque
669 1939 824 2036 angulus
842 1950 965 2014 rectus
983 1943 1105 2017 nullus

61 2068 122 2132 est.
174 2051 395 2129 Secundum
417 2052 548 2125 vitium
572 2062 628 2125 est
650 2052 833 2127 falsitatis.
886 2053 983 2126 Nam
1003 2068 1107 2129 recta

60 2181 94 2244 et
116 2192 235 2244 curva
260 2166 317 2240 ita
344 2165 520 2240 constitui
545 2177 712 2262 possunt,
738 2176 781 2238 ut
806 2189 874 2239 nec
896 2167 1045 2262 jaceant
1068 2167 1106 2241 in

60 2282 253 2371 directum,
280 2301 352 2353 neo
377 2279 605 2353 constituant
630 2279 819 2374 angulum,
845 2290 889 2352 ut
911 2279 950 2352 in
971 2284 1106 2378 angulo

62 2404 280 2477 contactus3
308 2392 381 2465 nisi
413 2404 562 2490 putaret
595 2394 771 2491 angulum
802 2404 994 2469 contactus
1028 2421 1107 2473 esse

60 2509 258 2607 angulum
285 2505 387 2603 quod
402 2519 527 2603 negat,
540 2518 626 2604 post
649 2506 888 2598 Pellitarium,
906 2507 1105 2588 wallisius,

61 2623 185 2721 ltaque
199 2619 287 2709 illis,
304 2642 381 2693 non
392 2620 549 2711 Euclidi,
563 2621 704 2695 falsitas
721 2622 802 2695 haec
815 2621 1030 2719 imputanda
1047 2625 1106 2700 sit.

60 2735 102 2808 Et
115 2746 315 2834 praterea,
329 2733 416 2829 quia
428 2733 501 2808 duo
515 2734 641 2830 anguli
654 2735 747 2808 recti
760 2736 953 2832 compositi
964 2736 1107 2814 faciunt

61 2847 249 2946 angulum,
267 2845 443 2919 nimirum
459 2846 551 2920 recti
571 2845 735 2942 duplum,
749 2857 787 2920 et
801 2859 923 2922 tamen
936 2848 976 2922 in
989 2849 1107 2926 direc-

61 2969 134 3035 tum
147 2962 305 3058 jaceut;
332 2968 463 3034 contra
477 2959 574 3033 hanc
587 2958 853 3033 definitionem.
905 2961 1105 3054 Postremo,

61 3074 228 3172 ungulae,
264 3095 376 3168 quem
405 3072 547 3147 faciunt
581 3072 665 3146 duae
698 3073 1018 3166 circumferentiae,
1048 3078 1107 3151 vel

61 3185 358 3263 circumferentia
371 3198 411 3260 et
423 3198 538 3278 rectu,
549 3197 678 3260 mutuo
693 3210 773 3259 sese
788 3197 993 3282 tangentes,
1008 3213 1107 3264 com·

60 3302 179 3399 parari
214 3308 343 3398 posset
376 3299 499 3397 quoad
532 3300 779 3396 quantitatem
819 3323 904 3372 cum
943 3302 1106 3398 quolibet

60 3414 194 3512 angulo
222 3412 297 3487 alio
324 3412 456 3509 plun03
484 3414 632 3510 quippe,
656 3413 716 3487 oui
744 3413 917 3487 convenit
938 3413 1105 3491 definitio

60 3527 134 3602 haec
152 3525 284 3624 anguli
296 3525 397 3622 plani
409 3526 637 3600 universalis.
690 3525 764 3599 Sed
775 3549 852 3600 non
864 3529 990 3625 anguli
1004 3530 1105 3626 plani

60 3663 185 3727 omnes
211 3639 420 3735 comparari
443 3648 608 3737 possunt.
659 3639 729 3713 Est
750 3662 839 3736 ergo
860 3640 994 3717 vitiosa
1015 3643 1104 3717 defi-

59 3755 159 3829 nitio.

104 3865 153 3940 B.
181 3862 382 3941 Quomodo
399 3863 529 3940 definis
554 3876 595 3940 tu
621 3868 798 3962 angulum
822 3867 974 3964 planum
995 3894 1104 3945 accu-

59 3978 200 4054 ratius?

104 4091 155 4166 A.
184 4090 388 4165 Sciendum
417 4105 474 4167 est
503 4117 631 4167 vocem
659 4094 756 4167 hone
783 4095 946 4193 angulus
962 4097 1103 4195 planus

60 4205 285 4302 aequivocam
303 4227 395 4280 esse.
447 4206 544 4280 Nam
564 4231 648 4280 oum
668 4207 708 4279 in
726 4207 826 4280 omni
843 4208 978 4305 angulo
996 4210 1104 4283 intel-

59 4316 220 4415 ligantur
250 4318 335 4393 duae
366 4329 477 4393 rectae
506 4320 577 4394 sibi
610 4332 738 4394 mutuo
769 4327 1015 4410 occurrentes,
1045 4322 1104 4395 vel

60 4431 185 4507 saltem
209 4432 259 4507 ud
282 4456 476 4507 occursum
504 4434 710 4524 tendentes,
735 4433 816 4508 fieri
832 4445 957 4532 potest
973 4446 1017 4507 ut
1035 4434 1102 4507 du-

60 4544 143 4640 plici
168 4545 282 4621 modo
304 4546 344 4621 id
367 4547 455 4633 fiut3
483 4572 639 4646 quorum
668 4549 762 4623 alter
785 4560 841 4623 est
867 4573 935 4646 per
961 4559 1102 4623 motum
