2618 5092
310 635 591 689 nnonununrs
610 632 806 687 rnrsros.
1006 619 1081 686 359

85 801 134 876 Α.
161 801 205 876 Si
223 803 278 875 itu
291 813 359 891 est,
376 826 451 875 non
469 825 562 899 opus
578 811 634 874 est
652 812 750 873 utre
772 799 999 895 interrogem
1017 821 1083 873 cur
1125 828 1227 871 cmv

43 916 210 990 limatura
233 916 336 1006 ferri,
361 916 533 1012 imposita
561 914 723 1010 magneti
748 913 788 986 in
811 910 987 985 distantia
1002 914 1082 1008 qui·
1097 901 1227 1012 96ᾘῆ

43 1029 119 1105 dem
146 1031 196 1104 ab
227 1030 342 1127 ipsius
368 1030 463 1127 polis
487 1028 662 1125 utrinque
689 1026 833 1122 aequuli‚
857 1027 996 1122 jacebit
1022 1028 1082 1100 axi
1096 1019 1227 1078 ¹¹⁰¹¹⁶⁵⁰¹¹¹⁸¹l

42 1144 235 1240 pursllela:
252 1143 292 1216 in
308 1143 388 1217 eliis
405 1158 529 1217 autem
541 1143 632 1216 loeis
645 1140 883 1214 inclinabitur
895 1138 942 1213 sd
955 1139 1082 1236 polum

42 1257 221 1354 magnetis
247 1257 316 1331 sibi
343 1258 562 1353 proximum.
614 1257 694 1330 Nec
718 1278 843 1352 quare,
867 1254 897 1327 si
924 1254 1083 1327 obelisco

42 1369 155 1444 ferreo
173 1394 326 1466 magnes
348 1370 536 1444 affricetur
556 1369 672 1442 ductu
696 1368 885 1455 continuo,
905 1367 1084 1440 obeliscus

41 1484 96 1557 ille
112 1481 268 1556 eosdem
285 1482 435 1555 habebit
451 1481 565 1578 polos.
634 1480 764 1576 Neque
787 1503 853 1552 cur
877 1502 1028 1576 magnes
1046 1492 1085 1552 et

42 1596 190 1683 ferrum,
208 1595 287 1668 sire
313 1595 387 1668 duo
409 1606 610 1691 magnetes,
629 1616 739 1690 super
759 1616 893 1689 squam
913 1603 1085 1666 natantes

42 1708 132 1782 ulter
147 1707 198 1781 ad
217 1707 375 1780 ulterum
391 1708 443 1780 itu
460 1730 499 1780 se
526 1705 698 1803 applicet,
715 1717 758 1778 ut
781 1729 909 1778 eorum
933 1704 1012 1778 axis
1036 1706 1085 1778 sit

42 1821 260 1909 communis,
290 1833 327 1894 et
358 1820 435 1917 poli
464 1820 600 1894 similes
633 1820 674 1893 in
707 1819 862 1893 eandem
896 1820 1086 1915 regionem

42 1944 232 2030 spectent;
258 1945 297 2007 et
312 1957 380 2030 per
399 1955 626 2030 consequens
646 1931 782 2005 similes
798 1932 874 2028 poli
891 1955 930 2005 se
956 1944 1086 2004 mutuo

42 2046 234 2144 repellant.
297 2047 394 2121 Num
412 2047 538 2120 omnia
554 2047 636 2121 haec
653 2045 742 2119 oriri
769 2056 925 2142 possunt
941 2046 987 2118 ab
1005 2045 1087 2118 uni-

42 2183 108 2235 one
122 2172 306 2236 motuum.
