2618 5092
227 624 301 693 ³98
369 637 424 692 uu
443 635 677 693 samareus
695 636 749 691 uu
766 632 1141 691 unumunurm

641 920 749 997 ΟΑΡ.
765 918 852 997 VII.

502 1092 558 1147 uu
576 1091 830 1149 susannem
847 1090 1004 1147 suana.

48 1236 118 1279 ou.
131 1236 187 1280 vn.
228 1210 457 1286 Durrururo
475 1212 633 1309 septima
648 1222 717 1303 est,
738 1210 862 1313 planu
875 1208 1101 1311 superficies
1116 1218 1175 1285 ese
1172 1234 1264 1311 ,prs

47 1363 201 1423 am„
228 1350 277 1399 ex
292 1348 396 1422 nequo
414 1323 611 1421 interjacet
635 1348 725 1399 suas
744 1324 891 1401 lineae.-
915 1348 1031 1424 quum
1049 1322 1199 1399 Cluvius
1211 1346 1266 1399 ex·

47 1430 115 1489 ⁸¹¹¹*
227 1462 369 1536 ponens
392 1439 563 1625 pretioue
583 1438 958 1628 Ιιιίὴίὶὼειςὲἰίίὶὶῒὲιο,
974 1436 1145 1626 sirlpili'
1111 1460 1267 1639 tamus,

228 1574 318 1625 usus
351 1574 390 1625 es
441 1575 480 1625 ιιι
513 1576 682 1649 exprcuu
790 1578 811 1628 e
863 1577 877 1627 ι
907 1576 981 1627 oue
1039 1575 1123 1627 ueae

229 1662 412 1753 “Plana''
438 1664 573 1761 inquit,
603 1670 628 1704 “
641 1677 699 1740 est
731 1664 957 1764 superficies,
987 1663 1030 1738 in
1060 1687 1137 1761 qua
1156 1676 1268 1761 partes

229 1800 357 1850 omnes
374 1775 413 1851 in
429 1788 574 1851 rectum
591 1778 782 1855 collocata
794 1789 893 1867 suut,
906 1778 961 1851 ita
972 1790 1017 1851 ut
1032 1776 1129 1851 nihil
1145 1776 1269 1851 habeat

230 1888 386 1963 incisum
413 1890 570 1987 augulis,
594 1889 688 1965 uihil
713 1890 953 1981 anfractibus,
977 1888 1073 1963 nihil
1101 1890 1269 1980 eminens,

228 2001 323 2075 nihil
338 2002 589 2076 lacunosum.”
632 2003 727 2078 Qus
738 2002 851 2077 verba
866 2002 913 2076 ab
928 2000 1032 2077 omui
1049 2012 1133 2077 arte
1149 2002 1270 2091 ulieuu,

230 2139 279 2188 ne
305 2115 383 2212 ipse
414 2116 563 2213 quidem
591 2114 714 2214 potuit
742 2115 961 2213 intelligere.
1015 2114 1133 2191 Quod
1158 2128 1271 2191 auteur

229 2240 354 2324 partes
371 2228 472 2325 plani
488 2250 616 2303 omues
632 2228 672 2301 in
688 2238 832 2302 rectum
852 2226 1054 2303 collocatas
1071 2251 1154 2303 esse
1169 2228 1271 2318 dieat,

230 2342 456 2438 impossibile
484 2352 542 2416 est
569 2340 643 2415 uisi
668 2341 820 2439 planum
850 2353 973 2415 totum
1003 2342 1054 2416 sit
1082 2365 1161 2416 uua
1184 2342 1272 2415 lines

230 2468 354 2529 recta:
381 2455 482 2552 quod
509 2456 599 2528 item
628 2456 859 2552 superficiem
885 2455 1038 2550 planam
1064 2455 1179 2529 talem
1201 2477 1272 2528 essa

232 2567 334 2656 dicit,
345 2568 462 2665 qualis
476 2579 534 2641 est
546 2568 758 2664 superficies
771 2567 944 2664 perpoliti
954 2567 1115 2665 alicujus
1125 2591 1272 2641 mamo-

230 2681 293 2769 ris,
304 2704 432 2753 verum
445 2705 521 2754 nou
536 2693 605 2770 est,
616 2681 687 2756 nisi
704 2704 819 2753 conus
836 2691 902 2753 aut
915 2679 1064 2776 sphaera
1076 2703 1273 2754 marmorea

230 2818 308 2867 uon
338 2806 464 2891 potest
497 2795 672 2892 perpoliri
706 2818 810 2891 aeque
840 2818 885 2867 ac
910 2795 1127 2890 superficies
1161 2795 1272 2892 plana

233 2909 327 2982 Rem
340 2908 489 3005 quidem
502 2909 620 3005 ipsam
634 2920 671 2983 et
682 2907 865 3000 Euclides,
873 2920 912 2980 et
925 2907 1089 2998 Clavius,
1101 2920 1142 2981 et
1156 2928 1273 2982 omues

232 3022 400 3097 homines
426 3024 514 3097 satis
543 3034 643 3096 recte
670 3022 904 3119 concipiunt:
931 3020 997 3094 sed
1021 3046 1107 3118 quae
1130 3021 1274 3119 superfi-

234 3137 303 3210 ciei
320 3137 442 3234 planae
458 3137 668 3212 essentialia
683 3147 782 3226 suut,
794 3135 916 3209 verbis
934 3136 1135 3232 explicare,
1153 3136 1273 3209 saltem

232 3250 352 3340 facile,
369 3274 445 3324 nou
462 3275 590 3325 omnes
606 3260 772 3347 possunt.
825 3249 864 3323 Si
882 3249 1120 3345 superficiem
1136 3250 1273 3347 planam

234 3386 315 3436 esse
342 3363 492 3454 dixeris,
511 3387 594 3459 quae
619 3362 840 3435 describitur
859 3385 882 3434 a
902 3361 1004 3435 linea
1028 3362 1085 3435 ita
1111 3375 1222 3452 mota,
1237 3373 1273 3434 ut

233 3477 378 3572 singula
394 3478 473 3575 ejus
493 3487 632 3574 puncta
653 3487 774 3549 rectus
796 3476 911 3548 lineas
938 3473 1167 3567 describant,
1182 3487 1272 3549 recta

234 3613 315 3662 eam
351 3589 548 3681 definieris
578 3599 617 3663 et
646 3589 756 3679 clare,
787 3599 826 3662 et
852 3588 1023 3663 esseutiae
1052 3590 1168 3688 ipsius
1194 3613 1271 3663 eou-

234 3714 419 3779 sentanee.

640 4123 750 4199 CAP.
769 4126 873 4199 VIII.

622 4300 676 4351 nu
712 4299 893 4352 Anapus.

235 4432 465 4506 Duslru‘rro
493 4440 650 4504 octava:
677 4428 842 4528 angulus
863 4427 1023 4530 planus,
1040 4440 1100 4505 est
1127 4430 1268 4506 duarum

235 4546 418 4620 linearum
435 4544 474 4618 in
496 4544 617 4647 plano
640 4569 682 4617 se
698 4553 821 4618 statuo
838 4544 1086 4640 tangentium,
1104 4541 1270 4619 essoris
