2618 5092
280 661 601 717 mansuarios
621 663 868 717 uourunna.
1031 649 1103 716 103

100 826 138 902 A.
157 829 238 904 Imo
248 831 619 921 radicemhabet,sed
629 833 730 906 nullo
742 833 923 930 aequaiem
932 854 1098 905 numero.
1135 855 1288 898 annosus

71 940 145 1015 Nam
172 945 321 1018 numeri
350 954 395 1018 16
422 956 461 1019 et
488 954 523 1032 8,
551 945 614 1042 qni
639 945 783 1019 faciunt
811 954 893 1034 128,
928 945 966 1018 in
1002 944 1099 1018 linea
1141 937 1285 1042 L

68 1069 148 1129 recta
162 1057 338 1131 similiter
359 1057 478 1132 divisa
499 1059 539 1131 in
564 1071 688 1155 partes
716 1059 897 1155 aliquotas
921 1057 1100 1153 distingui

66 1182 223 1263 possunt;
250 1183 290 1244 et
306 1170 406 1245 inter
423 1171 504 1245 illas
520 1182 642 1245 rectas
660 1171 816 1244 inveniri
833 1180 956 1268 potest
978 1170 1101 1244 media

66 1284 345 1379 proportionalis,
372 1285 478 1381 eujus
501 1285 721 1381 quadratum
739 1285 809 1357 erit
829 1285 908 1381 ipse
926 1307 1100 1357 numerus

69 1402 133 1469 128.

10 1606 12 1615 Ι
103 1506 147 1582 Β.
171 1507 298 1581 Etiam
317 1508 406 1587 hinc
424 1508 581 1605 intelligi
597 1520 722 1606 potest
737 1509 969 1605 problemata
986 1534 1097 1605 quan-

66 1643 156 1716 quam
169 1620 422 1711 arithmetica,
436 1646 517 1718 quae
532 1623 611 1696 sine
630 1646 700 1719 ope
712 1623 927 1718 geometriae
941 1623 1100 1696 inveniri

66 1745 204 1828 possunt
220 1756 290 1829 per
308 1733 508 1830 algebram,
526 1735 628 1808 nulla
644 1759 736 1808 esse.

100 1845 144 1919 Α.
170 1846 230 1918 Ne
248 1844 360 1918 crede
384 1846 500 1942 igitur
517 1847 671 1919 nimium
688 1859 774 1943 post
790 1847 870 1919 haec
887 1847 1100 1942 vaniloquio

65 1958 308 2052 professorum.
377 1958 452 2032 Sed
482 1959 572 2054 quid
598 1983 723 2055 quaeso
751 1958 790 2031 in
818 1959 1100 2032 ratiocinatione

10 2096 13 2181 q
64 2069 118 2144 hac
137 2072 326 2159 observas,
350 2082 502 2168 propter
525 2071 624 2168 quod
650 2070 808 2144 dicenda
830 2072 877 2143 sit
895 2070 1101 2168 aalysiae

10 2192 13 2245 f
65 2183 109 2257 Au
124 2210 208 2258 cum
222 2194 377 2258 ventum
395 2196 494 2258 esset
509 2185 558 2259 ad
574 2184 843 2280 analogismum
856 2185 968 2272 hunc,
987 2184 1099 2257 16÷A

10 2260 13 2369 i
65 2296 189 2392 tdffiss
203 2341 237 2387 t:
253 2327 284 2391 d
295 2297 371 2389 1‘2'8
388 2340 397 2384 :
414 2313 458 2401 Α,
475 2312 669 2385 aberamus
695 2310 841 2407 longius
859 2336 881 2384 a
897 2309 1100 2408 principiis,

64 2450 158 2522 quam
187 2451 275 2501 cum
304 2426 582 2501 accessissemus
609 2424 658 2497 ad
687 2448 792 2520 prop.
820 2433 882 2514 36,
912 2422 1029 2497 Elem.
1047 2422 1099 2496 iii.

63 2539 223 2614 Euclidis.

103 2652 147 2726 B.
174 2653 352 2749 Agnosco
370 2651 432 2725 hic
449 2648 597 2746 quidem
616 2672 763 2721 cursum
782 2647 965 2744 quendam
983 2659 1022 2722 et
1044 2673 1100 2722 re·

62 2788 194 2840 cursum
212 2767 313 2839 inter
330 2763 580 2862 equalitatem
602 2762 903 2859 rectangulornm
920 2775 958 2835 et
975 2787 1096 2859 aequa·

60 2876 188 2954 litatem
205 2879 421 2964 rationnm3
447 2877 514 2950 sed
540 2888 625 2949 utra
650 2875 782 2949 harum
809 2875 952 2948 viarum
982 2877 1099 2971 magis

60 2992 178 3066 tendat
193 2992 244 3065 ad
261 2990 455 3088 principia,
471 2998 633 3062 statuere
650 2987 815 3061 nondum
829 3011 992 3083 possum.
1026 2985 1100 3059 Sed

58 3105 329 3203 progrediamur
346 3102 395 3176 ad
414 3102 537 3198 Caput
559 3099 830 3174 duodecimum.

97 3216 142 3292 A.
170 3217 310 3313 Capita
333 3215 476 3311 reliqna
496 3213 617 3286 minus
644 3212 800 3285 molesta
823 3224 945 3285 erunt.
1000 3211 1100 3284 Nam

57 3353 130 3426 qna
145 3331 186 3405 in
203 3330 277 3404 illis
294 3342 399 3402 recta
416 3337 515 3416 sunt,
532 3337 575 3399 nt
596 3336 684 3399 sunt
700 3325 870 3421 plurima,
898 3324 988 3397 trita
1012 3335 1100 3398 sunt

56 3455 90 3516 et
103 3443 206 3517 edita
221 3443 262 3515 in
280 3440 451 3514 omnibus
467 3438 545 3512 fere
565 3437 669 3511 libris
693 3437 946 3530 arithmeticis,
964 3452 1100 3534 praeter

54 3556 267 3654 algebraica,
289 3578 372 3651 quae
394 3577 440 3626 ex
457 3551 665 3649 Oughtredi
686 3549 801 3624 Clooe
812 3549 1098 3642 mathematica,

53 3671 110 3744 ubi
125 3669 247 3744 multo
264 3666 413 3741 brevius
431 3678 469 3739 et
489 3664 652 3761 apertius
675 3663 886 3753 traduntur,
906 3663 1100 3762 desumpta

52 3798 143 3860 sunt.
196 3784 253 3858 Ea
280 3805 368 3855 vero
399 3804 481 3876 qnae
511 3777 668 3851 Wallisii
698 3777 851 3873 propria
881 3789 979 3866 sunt,
1008 3777 1100 3851 falsa

52 3912 143 3973 sunt.
199 3896 245 3971 Id
270 3894 371 3993 quod
401 3895 514 3967 habet
543 3893 611 3965 sub
641 3890 789 3963 initium
817 3890 927 3986 hujus
956 3890 1099 3986 capitia,

51 4035 179 4109 nempe
201 4011 284 4084 haec
301 4008 426 4096 verba,
450 4014 535 4078 sant
561 4014 684 4077 autem
694 4004 917 4099 fractiones
943 4029 1010 4076 seu
1035 4029 1099 4075 nu-

52 4127 140 4200 meri
150 4124 288 4224 fracti
310 4147 381 4195 non
405 4131 480 4194 tam
502 4116 642 4192 numeri
665 4141 774 4213 quom
799 4116 956 4189 unitatis
972 4115 1098 4212 frog-

52 4251 177 4329 Μία,
208 4260 318 4312 snum
348 4247 416 4323 est,
447 4233 618 4328 idemque
652 4229 783 4302 falsum
817 4241 854 4302 et
885 4228 1097 4302 absurdum.

53 4353 144 4428 Nam
162 4377 208 4426 eo
223 4352 305 4447 ipso
323 4347 423 4445 quod
436 4346 667 4444 fragmento
686 4355 784 4430 sunt,
789 4342 1099 4440 fragmentorum

52 4490 218 4540 nunoerua
253 4475 352 4537 sunt.
418 4461 549 4556 Neque
584 4457 681 4530 enim
717 4456 812 4529 ratio
855 4454 931 4527 ulla
964 4451 1099 4525 adduci

53 4592 167 4674 potest
207 4600 324 4674 quare
358 4573 491 4661 uncia,
527 4581 727 4657 sextantes,
762 4567 928 4655 trienteS,
962 4566 1098 4653 besses,
