2618 5092
239 663 312 731 314
513 678 794 735 nnonnnunrn
812 678 1007 737 rutenos.

67 866 135 908 cnr».
150 868 183 909 ιι.
238 845 395 919 murium
406 847 571 921 omnium
588 872 672 945 qnae
688 848 736 922 ab
752 848 817 923 illo
829 848 869 923 in
879 848 1183 947 Septentrionem
1192 870 1266 921 oon·

52 934 196 1071 sse]
237 959 383 1034 tinuota
399 973 507 1037 sunt:
533 961 604 1035 nisi
621 962 721 1058 quod
746 963 883 1059 purtim
903 974 1116 1060 unguuntur
1131 960 1266 1037 etium·

53 1059 154 1105 m*
236 1073 330 1146 mori
347 1097 481 1171 magno
493 1076 668 1162 Australi,
680 1098 749 1173 per
763 1073 1265 1150 frctumAniuninterAsiun

236 1197 275 1259 et
300 1188 509 1261 Amerinam
542 1189 581 1262 in
611 1188 728 1265 muria
756 1188 1061 1286 septentrionalia
1089 1187 1260 1263 influente

238 1299 349 1374 Quod
366 1314 491 1375 autem
508 1326 610 1376 mure
627 1325 848 1401 unoquoque
859 1300 1261 1377 dieudeundemlocuu

236 1412 293 1485 bis
311 1413 509 1509 repleatur,
526 1416 737 1513 argumenti
749 1414 833 1491 loeo
850 1416 941 1489 mihi
958 1426 1028 1507 est,
1044 1414 1150 1514 quod
1161 1412 1260 1511 petio

238 1523 307 1598 dus
325 1537 458 1617 motus,
475 1551 585 1623 quem
602 1530 641 1603 in
658 1542 760 1604 terro
780 1528 969 1627 supposui,
986 1552 1064 1605 uno
1088 1529 1150 1604 die
1173 1538 1259 1602 nutu

237 1636 305 1710 ruli
322 1638 378 1711 bis
391 1640 618 1737 compleatur
633 1642 724 1716 fere.

288 1752 337 1824 A.
367 1753 440 1826 Sed
463 1777 587 1829 nonne
613 1755 726 1829 etiem
752 1778 854 1828 mure
880 1753 1196 1829 Mediterraneum
1212 1776 1257 1827 ex·

239 1866 405 1940 tenditur
421 1868 467 1940 ab
481 1867 682 1943 Orientein
696 1867 965 1943 Occidentem?
991 1866 1156 1942 Curnon
1168 1865 1257 1941 etim

236 1980 275 2053 in
292 1980 355 2054 illo
372 1980 508 2056 similes
519 1983 615 2057 fiunt
631 1981 768 2057 aestusi

285 2094 335 2170 B.
363 2094 499 2168 Fiunt:
526 2094 603 2185 sed,
621 2119 690 2192 pro
704 2093 936 2192 longitudine
952 2104 992 2167 et
1008 2116 1118 2190 uquae
1137 2088 1257 2189 quonti-

234 2218 323 2298 tate,
342 2208 513 2282 minores.

285 2322 334 2394 A.
361 2321 497 2396 Genoae
518 2332 557 2395 et
573 2322 739 2396 Anconae
756 2332 866 2393 aestus
892 2318 985 2392 nulli
1010 2330 1112 2407 sunt,
1129 2317 1185 2391 vel
1199 2315 1255 2390 sal-

234 2447 309 2507 tem
327 2434 567 2508 insensibiles.

284 2548 333 2620 B.
360 2548 524 2621 Venetiis
541 2560 677 2635 autem,
692 2557 730 2619 et
747 2546 795 2619 ad
812 2545 922 2619 litora
935 2545 1155 2633 Pulaestinae,
1172 2541 1255 2617 valde

233 2661 422 2735 sensibiles
439 2675 536 2734 sunt.
589 2663 787 2749 Caeterum,
805 2674 957 2757 propter
978 2684 1131 2734 cursum
1147 2681 1255 2734 secun·

233 2772 321 2846 dum
354 2774 625 2869 longitudinem
659 2774 769 2847 maris
804 2773 1072 2855 Mediterranei
1104 2785 1143 2846 et
1168 2772 1256 2846 Sinus

233 2886 425 2975 Adriatici,
443 2887 563 2960 minus
581 2886 741 2983 assurgit
755 2910 851 2982 aqua
868 2886 905 2958 in
922 2885 1097 2958 litoribus
1113 2886 1257 2982 aquibus

231 3000 382 3074 minime
400 3000 611 3098 impeditur.

283 3115 331 3189 Α.
358 3115 555 3190 Quomodo
576 3126 700 3187 autem
722 3112 780 3185 his
808 3112 917 3185 rebus
942 3112 997 3186 ita
1027 3135 1067 3185 se
1098 3112 1259 3186 immiscet

231 3228 330 3319 luna,
356 3241 399 3302 ut
421 3230 460 3302 in
483 3229 678 3301 noviluniis
706 3238 744 3299 et
766 3224 976 3322 pleniluniis
1003 3236 1117 3300 aestus
1147 3219 1259 3297 murini

230 3343 366 3440 ubique
383 3343 578 3439 insigniter
595 3340 828 3438 augeantur?

281 3457 329 3528 B.
358 3457 505 3529 Motum
530 3478 639 3551 quem
666 3457 704 3527 in
734 3453 866 3526 tellure
896 3452 1085 3548 supposui,
1113 3472 1260 3548 suppono

231 3592 374 3664 quoque
392 3569 431 3645 in
449 3570 537 3657 sole,
555 3581 594 3642 et
611 3569 710 3656 luna,
728 3579 765 3640 et
789 3566 933 3639 caeteris
955 3564 1073 3639 stellis
1097 3567 1261 3640 omnibus.

232 3682 343 3757 Quod
360 3694 483 3756 autem
507 3684 641 3756 attinet
659 3680 707 3754 ad
730 3692 873 3753 motum
901 3680 1001 3753 hunc
1029 3677 1262 3774 quatenusin

230 3796 306 3869 sole
324 3807 362 3869 et
379 3797 467 3869 luna
489 3795 754 3882 consideratur,
777 3794 882 3891 polos
909 3794 989 3889 ejus
1018 3793 1169 3868 eosdem
1196 3813 1263 3866 csse

229 3934 397 4007 suppono
414 3934 497 3983 cum
512 3911 607 4007 polis
625 3908 753 3983 circuli
770 3907 1049 4004 aequinoctiulis.
1089 3909 1174 3982 Quo
1190 3930 1263 4001 sup

229 4024 360 4120 posito,
395 4025 571 4121 sequitur,
606 4023 780 4120 quoniam
814 4016 881 4110 sol,
912 4021 1002 4094 luna
1031 4033 1070 4096 et
1105 4020 1264 4094 terrain

229 4136 399 4210 omnibus
428 4135 625 4210 noviluniis
655 4146 693 4207 et
724 4132 933 4230 pleniluniis
965 4134 1120 4206 suntin
1148 4131 1263 4206 eudem

227 4249 305 4323 fere
323 4263 428 4323 rectu
440 4249 548 4337 linea,
566 4261 608 4320 ut
623 4257 745 4320 motus
763 4246 823 4319 hic
847 4258 956 4319 terrae
974 4245 1138 4319 velocior
1153 4247 1217 4319 fiat
1231 4243 1263 4315 in

227 4363 424 4436 noviluniis
458 4375 497 4436 et
535 4360 745 4457 pleniluniis
779 4383 888 4456 quam
924 4359 963 4431 in
994 4360 1261 4455 quadrantibus.

228 4476 325 4549 Num
343 4488 464 4549 motus
482 4475 542 4548 hic
561 4475 648 4548 solis
667 4485 704 4547 et
720 4474 817 4546 lunae
834 4474 1129 4547 communicatus
1154 4488 1261 4556 terrae‚

227 4600 367 4663 motum
395 4588 491 4662 illius
521 4588 676 4661 similem
707 4586 913 4661 necessario
944 4600 1082 4683 auget:
1115 4587 1260 4661 maxime
