<?xml version="1.0" encoding="UTF-8"?>
<!DOCTYPE html PUBLIC "-//W3C//DTD XHTML 1.0 Transitional//EN"
    "http://www.w3.org/TR/xhtml1/DTD/xhtml1-transitional.dtd">
<html xmlns="http://www.w3.org/1999/xhtml" xml:lang="en" lang="en">
 <head>
  <title>
</title>
<meta http-equiv="Content-Type" content="text/html;charset=utf-8" />
  <meta name='ocr-system' content='tesseract 3.04.00' />
  <meta name='ocr-capabilities' content='ocr_page ocr_carea ocr_par ocr_line ocrx_word'/>
</head>
<body>
  <div class='ocr_page' id='page_1' title='image "./thomhobbesmalme03hobbgoog_0533.png"; bbox 0 0 2618 5092; ppageno 0'>
   <div class='ocr_carea' id='block_1_1' title="bbox 199 634 973 721">
    <p class='ocr_par' dir='ltr' id='par_1_1' title="bbox 199 634 973 721">
     <span class='ocr_line' id='line_1_1' title="bbox 199 634 973 721; baseline 0.008 -19"><span class='ocrx_word' id='word_1_1' title='bbox 199 634 274 703; x_wconf 81' lang='lat'><strong>518</strong></span> <span class='ocrx_word' id='word_1_2' title='bbox 476 649 766 713; x_wconf 73' lang='lat' dir='ltr'><strong>outnnsrurta</strong></span> <span class='ocrx_word' id='word_1_3' title='bbox 784 650 973 721; x_wconf 82' lang='lat' dir='ltr'><strong>crncunr,</strong></span> 
     </span>
    </p>
   </div>
   <div class='ocr_carea' id='block_1_2' title="bbox 17 816 1240 1027">
    <p class='ocr_par' dir='ltr' id='par_1_2' title="bbox 17 816 1240 1027">
     <span class='ocr_line' id='line_1_2' title="bbox 17 816 1240 911; baseline 0.01 -28"><span class='ocrx_word' id='word_1_4' title='bbox 17 843 126 886; x_wconf 74' lang='lat' dir='ltr'><strong>»mn</strong></span> <span class='ocrx_word' id='word_1_5' title='bbox 141 844 185 885; x_wconf 81' lang='lat' dir='ltr'><strong>rr.</strong></span> <span class='ocrx_word' id='word_1_6' title='bbox 198 816 362 892; x_wconf 84' lang='lat' dir='ltr'><strong>numeris</strong></span> <span class='ocrx_word' id='word_1_7' title='bbox 378 840 455 892; x_wconf 91' lang='lat' dir='ltr'><strong>non</strong></span> <span class='ocrx_word' id='word_1_8' title='bbox 471 818 703 911; x_wconf 79' lang='lat' dir='ltr'><strong>examinabo,</strong></span> <span class='ocrx_word' id='word_1_9' title='bbox 719 842 806 895; x_wconf 91' lang='lat' dir='ltr'><strong>cnm</strong></span> <span class='ocrx_word' id='word_1_10' title='bbox 821 818 939 895; x_wconf 83' lang='lat' dir='ltr'><strong>sciam</strong></span> <span class='ocrx_word' id='word_1_11' title='bbox 955 840 1040 895; x_wconf 87' lang='lat' dir='ltr'><strong>esse</strong></span> <span class='ocrx_word' id='word_1_12' title='bbox 1064 818 1240 895; x_wconf 87' lang='lat' dir='ltr'><strong>incertum</strong></span> 
     </span>
     <span class='ocr_line' id='line_1_3' title="bbox 17 915 992 1027; baseline 0.003 -21"><span class='ocrx_word' id='word_1_13' title='bbox 17 915 156 949; x_wconf 46' lang='lat'><strong>&#39;⁹‘</strong></span> <span class='ocrx_word' id='word_1_14' title='bbox 198 931 246 1007; x_wconf 86' lang='lat' dir='ltr'><strong>ab</strong></span> <span class='ocrx_word' id='word_1_15' title='bbox 263 932 345 1027; x_wconf 85' lang='lat' dir='ltr'><strong>ipsa</strong></span> <span class='ocrx_word' id='word_1_16' title='bbox 361 930 573 1007; x_wconf 88' lang='lat' dir='ltr'><strong>tabularum</strong></span> <span class='ocrx_word' id='word_1_17' title='bbox 589 932 867 1009; x_wconf 87' lang='lat' dir='ltr'><strong>constructione</strong></span> <span class='ocrx_word' id='word_1_18' title='bbox 882 932 992 1009; x_wconf 82' lang='lat' dir='ltr'><strong>falsa.</strong></span> 
     </span>
    </p>
   </div>
   <div class='ocr_carea' id='block_1_3' title="bbox 458 1155 984 1211">
    <p class='ocr_par' dir='ltr' id='par_1_3' title="bbox 458 1155 984 1211">
     <span class='ocr_line' id='line_1_4' title="bbox 458 1155 984 1211; baseline 0.006 -3"><span class='ocrx_word' id='word_1_19' title='bbox 458 1155 516 1209; x_wconf 78' lang='lat' dir='ltr'><strong>at)</strong></span> <span class='ocrx_word' id='word_1_20' title='bbox 534 1156 883 1211; x_wconf 71' lang='lat' dir='ltr'><strong>rnorosmortltu</strong></span> <span class='ocrx_word' id='word_1_21' title='bbox 901 1156 984 1211; x_wconf 87' lang='lat' dir='ltr'><strong>xu.</strong></span> 
     </span>
    </p>
   </div>
   <div class='ocr_carea' id='block_1_4' title="bbox 196 1272 1243 4428">
    <p class='ocr_par' dir='ltr' id='par_1_4' title="bbox 197 1272 1241 1708">
     <span class='ocr_line' id='line_1_5' title="bbox 248 1272 1241 1373; baseline 0.002 -26"><span class='ocrx_word' id='word_1_22' title='bbox 248 1272 455 1368; x_wconf 90' lang='lat' dir='ltr'><strong>Propositio</strong></span> <span class='ocrx_word' id='word_1_23' title='bbox 470 1274 523 1347; x_wconf 84' lang='lat' dir='ltr'><strong>xii</strong></span> <span class='ocrx_word' id='word_1_24' title='bbox 556 1284 625 1362; x_wconf 90' lang='lat' dir='ltr'><strong>est,</strong></span> <span class='ocrx_word' id='word_1_25' title='bbox 658 1274 755 1351; x_wconf 88' lang='lat' dir='ltr'><strong>latus</strong></span> <span class='ocrx_word' id='word_1_26' title='bbox 788 1274 876 1351; x_wconf 89' lang='lat' dir='ltr'><strong>cubi</strong></span> <span class='ocrx_word' id='word_1_27' title='bbox 906 1274 1067 1373; x_wconf 77' lang='lat' dir='ltr'><strong>ophaeroe</strong></span> <span class='ocrx_word' id='word_1_28' title='bbox 1093 1274 1241 1351; x_wconf 85' lang='lat' dir='ltr'><strong>circnm-</strong></span> 
     </span>
     <span class='ocr_line' id='line_1_6' title="bbox 197 1386 1241 1487; baseline 0.003 -27"><span class='ocrx_word' id='word_1_29' title='bbox 197 1386 328 1483; x_wconf 90' lang='lat' dir='ltr'><strong>scripti</strong></span> <span class='ocrx_word' id='word_1_30' title='bbox 353 1386 522 1461; x_wconf 90' lang='lat' dir='ltr'><strong>additum</strong></span> <span class='ocrx_word' id='word_1_31' title='bbox 544 1387 653 1462; x_wconf 88' lang='lat' dir='ltr'><strong>lateri</strong></span> <span class='ocrx_word' id='word_1_32' title='bbox 682 1388 769 1463; x_wconf 88' lang='lat' dir='ltr'><strong>cubi</strong></span> <span class='ocrx_word' id='word_1_33' title='bbox 799 1388 839 1463; x_wconf 93' lang='lat' dir='ltr'><strong>in</strong></span> <span class='ocrx_word' id='word_1_34' title='bbox 863 1387 997 1463; x_wconf 83' lang='lat' dir='ltr'><strong>eadem</strong></span> <span class='ocrx_word' id='word_1_35' title='bbox 1022 1389 1171 1487; x_wconf 81' lang='lat' dir='ltr'><strong>sphaera</strong></span> <span class='ocrx_word' id='word_1_36' title='bbox 1192 1388 1241 1463; x_wconf 89' lang='lat' dir='ltr'><strong>in-</strong></span> 
     </span>
     <span class='ocr_line' id='line_1_7' title="bbox 198 1498 1240 1599; baseline 0.007 -29"><span class='ocrx_word' id='word_1_37' title='bbox 198 1498 328 1595; x_wconf 89' lang='lat' dir='ltr'><strong>scripti</strong></span> <span class='ocrx_word' id='word_1_38' title='bbox 353 1513 495 1573; x_wconf 84' lang='lat' dir='ltr'><strong>rectam</strong></span> <span class='ocrx_word' id='word_1_39' title='bbox 522 1501 717 1574; x_wconf 92' lang='lat' dir='ltr'><strong>constituit</strong></span> <span class='ocrx_word' id='word_1_40' title='bbox 743 1500 921 1599; x_wconf 77' lang='lat' dir='ltr'><strong>aqualem</strong></span> <span class='ocrx_word' id='word_1_41' title='bbox 953 1502 1240 1599; x_wconf 84' lang='lat' dir='ltr'><strong>semiperimetro</strong></span> 
     </span>
     <span class='ocr_line' id='line_1_8' title="bbox 197 1611 728 1708; baseline 0.004 -23"><span class='ocrx_word' id='word_1_42' title='bbox 197 1611 350 1685; x_wconf 82' lang='lat' dir='ltr'><strong>maximi</strong></span> <span class='ocrx_word' id='word_1_43' title='bbox 365 1611 406 1685; x_wconf 93' lang='lat' dir='ltr'><strong>in</strong></span> <span class='ocrx_word' id='word_1_44' title='bbox 425 1613 572 1708; x_wconf 86' lang='lat' dir='ltr'><strong>sphaera</strong></span> <span class='ocrx_word' id='word_1_45' title='bbox 587 1612 728 1687; x_wconf 90' lang='lat' dir='ltr'><strong>circuli.</strong></span> 
     </span>
    </p>

    <p class='ocr_par' dir='ltr' id='par_1_5' title="bbox 196 1725 1241 2048">
     <span class='ocr_line' id='line_1_9' title="bbox 248 1725 1240 1825; baseline 0.003 -27"><span class='ocrx_word' id='word_1_46' title='bbox 248 1725 374 1823; x_wconf 83' lang='lat' dir='ltr'><strong>Negat</strong></span> <span class='ocrx_word' id='word_1_47' title='bbox 389 1727 487 1799; x_wconf 91' lang='lat' dir='ltr'><strong>hanc</strong></span> <span class='ocrx_word' id='word_1_48' title='bbox 503 1750 583 1801; x_wconf 86' lang='lat' dir='ltr'><strong>esse</strong></span> <span class='ocrx_word' id='word_1_49' title='bbox 596 1750 745 1801; x_wconf 86' lang='lat' dir='ltr'><strong>reram:</strong></span> <span class='ocrx_word' id='word_1_50' title='bbox 763 1726 850 1823; x_wconf 90' lang='lat' dir='ltr'><strong>quia</strong></span> <span class='ocrx_word' id='word_1_51' title='bbox 866 1726 1108 1824; x_wconf 84' lang='lat' dir='ltr'><strong>quadratum,</strong></span> <span class='ocrx_word' id='word_1_52' title='bbox 1121 1727 1240 1825; x_wconf 76' lang='lat' dir='ltr'><strong>inquit</strong></span> 
     </span>
     <span class='ocr_line' id='line_1_10' title="bbox 196 1836 1241 1938; baseline 0.003 -25"><span class='ocrx_word' id='word_1_53' title='bbox 196 1862 222 1913; x_wconf 89' lang='lat' dir='ltr'><strong>a</strong></span> <span class='ocrx_word' id='word_1_54' title='bbox 249 1836 315 1912; x_wconf 90' lang='lat' dir='ltr'><strong>BG</strong></span> <span class='ocrx_word' id='word_1_55' title='bbox 341 1861 417 1912; x_wconf 91' lang='lat' dir='ltr'><strong>non</strong></span> <span class='ocrx_word' id='word_1_56' title='bbox 445 1851 502 1913; x_wconf 85' lang='lat' dir='ltr'><strong>est</strong></span> <span class='ocrx_word' id='word_1_57' title='bbox 531 1838 684 1936; x_wconf 89' lang='lat' dir='ltr'><strong>triplum</strong></span> <span class='ocrx_word' id='word_1_58' title='bbox 710 1838 882 1937; x_wconf 87' lang='lat' dir='ltr'><strong>quadrati</strong></span> <span class='ocrx_word' id='word_1_59' title='bbox 908 1863 933 1912; x_wconf 93' lang='lat' dir='ltr'><strong>a</strong></span> <span class='ocrx_word' id='word_1_60' title='bbox 955 1839 1028 1929; x_wconf 81' lang='lat' dir='ltr'><strong>Ga,</strong></span> <span class='ocrx_word' id='word_1_61' title='bbox 1053 1852 1241 1938; x_wconf 82' lang='lat' dir='ltr'><strong>propterea</strong></span> 
     </span>
     <span class='ocr_line' id='line_1_11' title="bbox 197 1949 996 2048; baseline 0.003 -25"><span class='ocrx_word' id='word_1_62' title='bbox 197 1950 296 2048; x_wconf 92' lang='lat' dir='ltr'><strong>quod</strong></span> <span class='ocrx_word' id='word_1_63' title='bbox 316 1949 371 2023; x_wconf 88' lang='lat' dir='ltr'><strong>Br</strong></span> <span class='ocrx_word' id='word_1_64' title='bbox 385 1950 570 2047; x_wconf 86' lang='lat' dir='ltr'><strong>producta</strong></span> <span class='ocrx_word' id='word_1_65' title='bbox 588 1974 665 2026; x_wconf 91' lang='lat' dir='ltr'><strong>non</strong></span> <span class='ocrx_word' id='word_1_66' title='bbox 681 1950 857 2025; x_wconf 85' lang='lat' dir='ltr'><strong>transibit</strong></span> <span class='ocrx_word' id='word_1_67' title='bbox 872 1973 941 2047; x_wconf 88' lang='lat' dir='ltr'><strong>per</strong></span> <span class='ocrx_word' id='word_1_68' title='bbox 957 1976 996 2025; x_wconf 85' lang='lat' dir='ltr'><strong>o.</strong></span> 
     </span>
    </p>

    <p class='ocr_par' dir='ltr' id='par_1_6' title="bbox 197 2063 1241 2275">
     <span class='ocr_line' id='line_1_12' title="bbox 249 2063 1241 2161; baseline 0.004 -25"><span class='ocrx_word' id='word_1_69' title='bbox 249 2064 349 2137; x_wconf 86' lang='lat' dir='ltr'><strong>Huic</strong></span> <span class='ocrx_word' id='word_1_70' title='bbox 369 2063 568 2161; x_wconf 90' lang='lat' dir='ltr'><strong>objectioni</strong></span> <span class='ocrx_word' id='word_1_71' title='bbox 585 2086 803 2161; x_wconf 87' lang='lat' dir='ltr'><strong>responsum</strong></span> <span class='ocrx_word' id='word_1_72' title='bbox 819 2064 928 2137; x_wconf 86' lang='lat' dir='ltr'><strong>estin</strong></span> <span class='ocrx_word' id='word_1_73' title='bbox 945 2064 1187 2160; x_wconf 85' lang='lat' dir='ltr'><strong>responsione</strong></span> <span class='ocrx_word' id='word_1_74' title='bbox 1199 2064 1241 2139; x_wconf 84' lang='lat' dir='ltr'><strong>ad</strong></span> 
     </span>
     <span class='ocr_line' id='line_1_13' title="bbox 197 2178 846 2275; baseline 0.002 -24"><span class='ocrx_word' id='word_1_75' title='bbox 197 2178 425 2274; x_wconf 87' lang='lat' dir='ltr'><strong>objectiones</strong></span> <span class='ocrx_word' id='word_1_76' title='bbox 440 2178 609 2275; x_wconf 85' lang='lat' dir='ltr'><strong>proxime</strong></span> <span class='ocrx_word' id='word_1_77' title='bbox 624 2178 846 2275; x_wconf 82' lang='lat' dir='ltr'><strong>superiores.</strong></span> 
     </span>
    </p>

    <p class='ocr_par' dir='ltr' id='par_1_7' title="bbox 196 2290 1241 2703">
     <span class='ocr_line' id='line_1_14' title="bbox 249 2290 1241 2389; baseline 0 -24"><span class='ocrx_word' id='word_1_78' title='bbox 249 2292 374 2389; x_wconf 86' lang='lat' dir='ltr'><strong>Negat</strong></span> <span class='ocrx_word' id='word_1_79' title='bbox 390 2291 525 2365; x_wconf 87' lang='lat' dir='ltr'><strong>deinde</strong></span> <span class='ocrx_word' id='word_1_80' title='bbox 542 2304 684 2365; x_wconf 91' lang='lat' dir='ltr'><strong>rectam</strong></span> <span class='ocrx_word' id='word_1_81' title='bbox 701 2291 757 2364; x_wconf 86' lang='lat' dir='ltr'><strong>Ar</strong></span> <span class='ocrx_word' id='word_1_82' title='bbox 773 2290 1015 2365; x_wconf 82' lang='lat' dir='ltr'><strong>transituram</strong></span> <span class='ocrx_word' id='word_1_83' title='bbox 1031 2314 1102 2388; x_wconf 90' lang='lat' dir='ltr'><strong>per</strong></span> <span class='ocrx_word' id='word_1_84' title='bbox 1124 2314 1241 2365; x_wconf 76' lang='lat' dir='ltr'><strong>omnes</strong></span> 
     </span>
     <span class='ocr_line' id='line_1_15' title="bbox 198 2403 1240 2501; baseline 0 -23"><span class='ocrx_word' id='word_1_85' title='bbox 198 2406 477 2479; x_wconf 89' lang='lat' dir='ltr'><strong>intersectiones</strong></span> <span class='ocrx_word' id='word_1_86' title='bbox 504 2428 611 2478; x_wconf 85' lang='lat' dir='ltr'><strong>arcus</strong></span> <span class='ocrx_word' id='word_1_87' title='bbox 646 2404 699 2477; x_wconf 84' lang='lat' dir='ltr'><strong>Zn</strong></span> <span class='ocrx_word' id='word_1_88' title='bbox 730 2427 814 2477; x_wconf 88' lang='lat' dir='ltr'><strong>curn</strong></span> <span class='ocrx_word' id='word_1_89' title='bbox 840 2403 934 2486; x_wconf 59' lang='lat' dir='ltr'><strong>ht*</strong></span> <span class='ocrx_word' id='word_1_90' title='bbox 957 2416 1054 2478; x_wconf 80' lang='lat' dir='ltr'><strong>etc:</strong></span> <span class='ocrx_word' id='word_1_91' title='bbox 1081 2429 1126 2477; x_wconf 93' lang='lat' dir='ltr'><strong>eo</strong></span> <span class='ocrx_word' id='word_1_92' title='bbox 1153 2404 1240 2501; x_wconf 91' lang='lat' dir='ltr'><strong>qnod</strong></span> 
     </span>
     <span class='ocr_line' id='line_1_16' title="bbox 196 2518 1241 2615; baseline -0.001 -23"><span class='ocrx_word' id='word_1_93' title='bbox 196 2519 279 2608; x_wconf 90' lang='lat' dir='ltr'><strong>AC,</strong></span> <span class='ocrx_word' id='word_1_94' title='bbox 298 2519 377 2608; x_wconf 85' lang='lat' dir='ltr'><strong>AY,</strong></span> <span class='ocrx_word' id='word_1_95' title='bbox 395 2519 470 2608; x_wconf 88' lang='lat' dir='ltr'><strong>AZ,</strong></span> <span class='ocrx_word' id='word_1_96' title='bbox 490 2519 550 2591; x_wconf 76' lang='lat' dir='ltr'><strong>Ah</strong></span> <span class='ocrx_word' id='word_1_97' title='bbox 568 2530 653 2607; x_wconf 79' lang='lat' dir='ltr'><strong>etc,</strong></span> <span class='ocrx_word' id='word_1_98' title='bbox 671 2542 748 2592; x_wconf 92' lang='lat' dir='ltr'><strong>non</strong></span> <span class='ocrx_word' id='word_1_99' title='bbox 779 2529 866 2590; x_wconf 91' lang='lat' dir='ltr'><strong>sunt</strong></span> <span class='ocrx_word' id='word_1_100' title='bbox 891 2518 1073 2591; x_wconf 88' lang='lat' dir='ltr'><strong>continue</strong></span> <span class='ocrx_word' id='word_1_101' title='bbox 1098 2541 1241 2615; x_wconf 92' lang='lat' dir='ltr'><strong>propor-</strong></span> 
     </span>
     <span class='ocr_line' id='line_1_17' title="bbox 197 2631 368 2703; baseline 0 0"><span class='ocrx_word' id='word_1_102' title='bbox 197 2631 368 2703; x_wconf 87' lang='lat' dir='ltr'><strong>tionalcs.</strong></span> 
     </span>
    </p>

    <p class='ocr_par' dir='ltr' id='par_1_8' title="bbox 197 2740 1243 3611">
     <span class='ocr_line' id='line_1_18' title="bbox 250 2740 1240 2841; baseline 0.001 -26"><span class='ocrx_word' id='word_1_103' title='bbox 250 2743 325 2816; x_wconf 90' lang='lat' dir='ltr'><strong>Sed</strong></span> <span class='ocrx_word' id='word_1_104' title='bbox 353 2743 647 2841; x_wconf 89' lang='lat' dir='ltr'><strong>proportionales</strong></span> <span class='ocrx_word' id='word_1_105' title='bbox 677 2765 757 2815; x_wconf 90' lang='lat' dir='ltr'><strong>esse</strong></span> <span class='ocrx_word' id='word_1_106' title='bbox 786 2740 836 2815; x_wconf 87' lang='lat' dir='ltr'><strong>ad</strong></span> <span class='ocrx_word' id='word_1_107' title='bbox 861 2766 966 2839; x_wconf 90' lang='lat' dir='ltr'><strong>prop.</strong></span> <span class='ocrx_word' id='word_1_108' title='bbox 982 2767 1006 2815; x_wconf 90' lang='lat' dir='ltr'>v</span> <span class='ocrx_word' id='word_1_109' title='bbox 1024 2743 1160 2817; x_wconf 90' lang='lat' dir='ltr'><strong>iterum</strong></span> <span class='ocrx_word' id='word_1_110' title='bbox 1184 2743 1240 2816; x_wconf 86' lang='lat' dir='ltr'><strong>de·</strong></span> 
     </span>
     <span class='ocr_line' id='line_1_19' title="bbox 198 2855 1241 2942; baseline 0.001 -12"><span class='ocrx_word' id='word_1_111' title='bbox 198 2868 444 2931; x_wconf 87' lang='lat' dir='ltr'><strong>monstratum</strong></span> <span class='ocrx_word' id='word_1_112' title='bbox 473 2868 543 2931; x_wconf 89' lang='lat' dir='ltr'><strong>est.</strong></span> <span class='ocrx_word' id='word_1_113' title='bbox 593 2856 743 2929; x_wconf 88' lang='lat' dir='ltr'><strong>Possem</strong></span> <span class='ocrx_word' id='word_1_114' title='bbox 774 2855 898 2942; x_wconf 89' lang='lat' dir='ltr'><strong>etiam,</strong></span> <span class='ocrx_word' id='word_1_115' title='bbox 928 2855 959 2927; x_wconf 88' lang='lat' dir='ltr'><strong>si</strong></span> <span class='ocrx_word' id='word_1_116' title='bbox 988 2855 1123 2929; x_wconf 85' lang='lat' dir='ltr'><strong>vellem</strong></span> <span class='ocrx_word' id='word_1_117' title='bbox 1156 2858 1241 2931; x_wconf 88' lang='lat' dir='ltr'><strong>tanti</strong></span> 
     </span>
     <span class='ocr_line' id='line_1_20' title="bbox 198 2967 1242 3065; baseline 0 -21"><span class='ocrx_word' id='word_1_118' title='bbox 198 2994 321 3043; x_wconf 89' lang='lat' dir='ltr'><strong>emere</strong></span> <span class='ocrx_word' id='word_1_119' title='bbox 355 2969 563 3057; x_wconf 88' lang='lat' dir='ltr'><strong>maledicta,</strong></span> <span class='ocrx_word' id='word_1_120' title='bbox 599 2967 854 3041; x_wconf 88' lang='lat' dir='ltr'><strong>demonstrare</strong></span> <span class='ocrx_word' id='word_1_121' title='bbox 879 2967 981 3065; x_wconf 89' lang='lat' dir='ltr'><strong>quod</strong></span> <span class='ocrx_word' id='word_1_122' title='bbox 1007 2984 1114 3043; x_wconf 88' lang='lat' dir='ltr'><strong>recta</strong></span> <span class='ocrx_word' id='word_1_123' title='bbox 1140 2970 1242 3044; x_wconf 85' lang='lat' dir='ltr'><strong>ducta</strong></span> 
     </span>
     <span class='ocr_line' id='line_1_21' title="bbox 198 3081 1243 3181; baseline 0.002 -26"><span class='ocrx_word' id='word_1_124' title='bbox 198 3107 265 3180; x_wconf 87' lang='lat' dir='ltr'><strong>per</strong></span> <span class='ocrx_word' id='word_1_125' title='bbox 282 3084 316 3156; x_wconf 88' lang='lat' dir='ltr'><strong>D</strong></span> <span class='ocrx_word' id='word_1_126' title='bbox 335 3094 372 3157; x_wconf 90' lang='lat' dir='ltr'><strong>et</strong></span> <span class='ocrx_word' id='word_1_127' title='bbox 390 3084 424 3154; x_wconf 94' lang='lat' dir='ltr'>G</span> <span class='ocrx_word' id='word_1_128' title='bbox 442 3081 615 3155; x_wconf 88' lang='lat' dir='ltr'><strong>transiret</strong></span> <span class='ocrx_word' id='word_1_129' title='bbox 632 3094 873 3177; x_wconf 68' lang='lat' dir='ltr'><strong>petantque</strong></span> <span class='ocrx_word' id='word_1_130' title='bbox 891 3081 1043 3155; x_wconf 87' lang='lat' dir='ltr'><strong>ductam</strong></span> <span class='ocrx_word' id='word_1_131' title='bbox 1062 3084 1114 3156; x_wconf 76' lang='lat' dir='ltr'><strong>Ba</strong></span> <span class='ocrx_word' id='word_1_132' title='bbox 1131 3108 1243 3181; x_wconf 86' lang='lat' dir='ltr'><strong>aequa·</strong></span> 
     </span>
     <span class='ocr_line' id='line_1_22' title="bbox 197 3193 1242 3284; baseline 0.001 -15"><span class='ocrx_word' id='word_1_133' title='bbox 197 3196 271 3269; x_wconf 90' lang='lat' dir='ltr'><strong>lem</strong></span> <span class='ocrx_word' id='word_1_134' title='bbox 299 3219 378 3270; x_wconf 90' lang='lat' dir='ltr'><strong>csse</strong></span> <span class='ocrx_word' id='word_1_135' title='bbox 406 3207 519 3268; x_wconf 87' lang='lat' dir='ltr'><strong>rectae</strong></span> <span class='ocrx_word' id='word_1_136' title='bbox 544 3193 626 3269; x_wconf 71' lang='grc' dir='ltr'><strong>ΥΟ.</strong></span> <span class='ocrx_word' id='word_1_137' title='bbox 679 3194 787 3284; x_wconf 89' lang='lat' dir='ltr'><strong>Item,</strong></span> <span class='ocrx_word' id='word_1_138' title='bbox 817 3207 959 3268; x_wconf 78' lang='lat' dir='ltr'><strong>rectam</strong></span> <span class='ocrx_word' id='word_1_139' title='bbox 985 3194 1057 3269; x_wconf 83' lang='lat' dir='ltr'><strong>AO</strong></span> <span class='ocrx_word' id='word_1_140' title='bbox 1092 3198 1242 3270; x_wconf 88' lang='lat' dir='ltr'><strong>mediam</strong></span> 
     </span>
     <span class='ocr_line' id='line_1_23' title="bbox 198 3308 1243 3406; baseline 0 -23"><span class='ocrx_word' id='word_1_141' title='bbox 198 3334 278 3383; x_wconf 89' lang='lat' dir='ltr'><strong>csse</strong></span> <span class='ocrx_word' id='word_1_142' title='bbox 312 3309 627 3406; x_wconf 85' lang='lat' dir='ltr'><strong>proportionalem</strong></span> <span class='ocrx_word' id='word_1_143' title='bbox 661 3308 759 3381; x_wconf 88' lang='lat' dir='ltr'><strong>inter</strong></span> <span class='ocrx_word' id='word_1_144' title='bbox 793 3320 916 3383; x_wconf 92' lang='lat' dir='ltr'><strong>totum</strong></span> <span class='ocrx_word' id='word_1_145' title='bbox 949 3332 1078 3382; x_wconf 88' lang='lat' dir='ltr'><strong>arcum</strong></span> <span class='ocrx_word' id='word_1_146' title='bbox 1116 3311 1179 3383; x_wconf 88' lang='lat' dir='ltr'><strong>BC</strong></span> <span class='ocrx_word' id='word_1_147' title='bbox 1208 3322 1243 3383; x_wconf 90' lang='lat' dir='ltr'><strong>et</strong></span> 
     </span>
     <span class='ocr_line' id='line_1_24' title="bbox 198 3421 1242 3520; baseline -0.001 -24"><span class='ocrx_word' id='word_1_148' title='bbox 198 3424 393 3498; x_wconf 88' lang='lat' dir='ltr'><strong>dimidium</strong></span> <span class='ocrx_word' id='word_1_149' title='bbox 420 3422 596 3520; x_wconf 88' lang='lat' dir='ltr'><strong>ejusdem.</strong></span> <span class='ocrx_word' id='word_1_150' title='bbox 651 3421 725 3496; x_wconf 90' lang='lat' dir='ltr'><strong>Sed</strong></span> <span class='ocrx_word' id='word_1_151' title='bbox 746 3422 916 3518; x_wconf 90' lang='lat' dir='ltr'><strong>relinquo</strong></span> <span class='ocrx_word' id='word_1_152' title='bbox 941 3422 1023 3497; x_wconf 82' lang='lat' dir='ltr'><strong>haec</strong></span> <span class='ocrx_word' id='word_1_153' title='bbox 1049 3423 1242 3497; x_wconf 87' lang='lat' dir='ltr'><strong>Professori</strong></span> 
     </span>
     <span class='ocr_line' id='line_1_25' title="bbox 200 3535 701 3611; baseline -0.004 0"><span class='ocrx_word' id='word_1_154' title='bbox 200 3538 385 3611; x_wconf 86' lang='lat' dir='ltr'><strong>Saviliano</strong></span> <span class='ocrx_word' id='word_1_155' title='bbox 402 3535 701 3611; x_wconf 85' lang='lat' dir='ltr'><strong>demonstranda.</strong></span> 
     </span>
    </p>

    <p class='ocr_par' dir='ltr' id='par_1_9' title="bbox 197 3648 1242 3977">
     <span class='ocr_line' id='line_1_26' title="bbox 250 3648 1242 3745; baseline -0.002 -21"><span class='ocrx_word' id='word_1_156' title='bbox 250 3652 406 3739; x_wconf 75' lang='lat' dir='ltr'><strong>Quarto,</strong></span> <span class='ocrx_word' id='word_1_157' title='bbox 424 3662 535 3745; x_wconf 87' lang='lat' dir='ltr'><strong>negat</strong></span> <span class='ocrx_word' id='word_1_158' title='bbox 553 3649 688 3722; x_wconf 89' lang='lat' dir='ltr'><strong>cubum</strong></span> <span class='ocrx_word' id='word_1_159' title='bbox 706 3649 794 3722; x_wconf 88' lang='lat' dir='ltr'><strong>aZc</strong></span> <span class='ocrx_word' id='word_1_160' title='bbox 811 3648 963 3745; x_wconf 92' lang='lat' dir='ltr'><strong>duplum</strong></span> <span class='ocrx_word' id='word_1_161' title='bbox 982 3671 1065 3722; x_wconf 87' lang='lat' dir='ltr'><strong>esse</strong></span> <span class='ocrx_word' id='word_1_162' title='bbox 1091 3650 1177 3723; x_wconf 88' lang='lat' dir='ltr'><strong>cubi</strong></span> <span class='ocrx_word' id='word_1_163' title='bbox 1201 3649 1242 3722; x_wconf 90' lang='lat' dir='ltr'><strong>ab</strong></span> 
     </span>
     <span class='ocr_line' id='line_1_27' title="bbox 197 3760 1242 3860; baseline -0.002 -23"><span class='ocrx_word' id='word_1_164' title='bbox 197 3762 260 3837; x_wconf 84' lang='lat' dir='ltr'><strong>eb:</strong></span> <span class='ocrx_word' id='word_1_165' title='bbox 285 3765 372 3860; x_wconf 86' lang='lat' dir='ltr'><strong>quia</strong></span> <span class='ocrx_word' id='word_1_166' title='bbox 399 3787 473 3836; x_wconf 93' lang='lat' dir='ltr'><strong>non</strong></span> <span class='ocrx_word' id='word_1_167' title='bbox 500 3775 599 3851; x_wconf 90' lang='lat' dir='ltr'><strong>sunt,</strong></span> <span class='ocrx_word' id='word_1_168' title='bbox 618 3762 749 3857; x_wconf 90' lang='lat' dir='ltr'><strong>inquit,</strong></span> <span class='ocrx_word' id='word_1_169' title='bbox 767 3762 841 3851; x_wconf 86' lang='lat' dir='ltr'><strong>CG,</strong></span> <span class='ocrx_word' id='word_1_170' title='bbox 859 3762 921 3852; x_wconf 81' lang='lat' dir='ltr'><strong>Ze,</strong></span> <span class='ocrx_word' id='word_1_171' title='bbox 938 3760 995 3850; x_wconf 84' lang='lat' dir='ltr'><strong>eb,</strong></span> <span class='ocrx_word' id='word_1_172' title='bbox 1014 3761 1058 3835; x_wconf 75' lang='lat' dir='ltr'><strong>kt</strong></span> <span class='ocrx_word' id='word_1_173' title='bbox 1073 3765 1242 3838; x_wconf 87' lang='lat' dir='ltr'><strong>continue</strong></span> 
     </span>
     <span class='ocr_line' id='line_1_28' title="bbox 197 3877 504 3977; baseline -0.013 -24"><span class='ocrx_word' id='word_1_174' title='bbox 197 3877 504 3977; x_wconf 86' lang='lat' dir='ltr'><strong>proportionales.</strong></span> 
     </span>
    </p>

    <p class='ocr_par' dir='ltr' id='par_1_10' title="bbox 197 3989 1242 4200">
     <span class='ocr_line' id='line_1_29' title="bbox 248 3989 1242 4089; baseline -0.004 -24"><span class='ocrx_word' id='word_1_175' title='bbox 248 3993 439 4089; x_wconf 79' lang='lat' dir='ltr'><strong>ligavero</strong></span> <span class='ocrx_word' id='word_1_176' title='bbox 466 4014 528 4063; x_wconf 89' lang='lat' dir='ltr'><strong>eas</strong></span> <span class='ocrx_word' id='word_1_177' title='bbox 558 4013 636 4063; x_wconf 87' lang='lat' dir='ltr'><strong>esse</strong></span> <span class='ocrx_word' id='word_1_178' title='bbox 663 3989 840 4063; x_wconf 89' lang='lat' dir='ltr'><strong>continue</strong></span> <span class='ocrx_word' id='word_1_179' title='bbox 865 3989 1163 4086; x_wconf 83' lang='lat' dir='ltr'><strong>proportionales</strong></span> <span class='ocrx_word' id='word_1_180' title='bbox 1185 3989 1242 4062; x_wconf 91' lang='lat' dir='ltr'><strong>de·</strong></span> 
     </span>
     <span class='ocr_line' id='line_1_30' title="bbox 197 4105 770 4200; baseline -0.01 -20"><span class='ocrx_word' id='word_1_181' title='bbox 197 4106 402 4180; x_wconf 82' lang='lat' dir='ltr'><strong>monstravi</strong></span> <span class='ocrx_word' id='word_1_182' title='bbox 419 4105 553 4179; x_wconf 86' lang='lat' dir='ltr'><strong>iterum</strong></span> <span class='ocrx_word' id='word_1_183' title='bbox 572 4127 595 4176; x_wconf 92' lang='lat' dir='ltr'><strong>a</strong></span> <span class='ocrx_word' id='word_1_184' title='bbox 611 4127 716 4200; x_wconf 91' lang='lat' dir='ltr'><strong>prop.</strong></span> <span class='ocrx_word' id='word_1_185' title='bbox 734 4125 770 4175; x_wconf 87' lang='lat' dir='ltr'><strong>r.</strong></span> 
     </span>
    </p>

    <p class='ocr_par' dir='ltr' id='par_1_11' title="bbox 196 4215 1241 4428">
     <span class='ocr_line' id='line_1_31' title="bbox 247 4215 1241 4315; baseline -0.004 -22"><span class='ocrx_word' id='word_1_186' title='bbox 247 4221 386 4294; x_wconf 89' lang='lat' dir='ltr'><strong>Omnes</strong></span> <span class='ocrx_word' id='word_1_187' title='bbox 401 4242 490 4315; x_wconf 83' lang='lat' dir='ltr'><strong>ergo</strong></span> <span class='ocrx_word' id='word_1_188' title='bbox 503 4217 775 4315; x_wconf 87' lang='lat' dir='ltr'><strong>propositiones</strong></span> <span class='ocrx_word' id='word_1_189' title='bbox 789 4238 892 4305; x_wconf 83' lang='lat' dir='ltr'><strong>meae,</strong></span> <span class='ocrx_word' id='word_1_190' title='bbox 903 4228 1060 4312; x_wconf 84' lang='lat' dir='ltr'><strong>excepta</strong></span> <span class='ocrx_word' id='word_1_191' title='bbox 1073 4215 1241 4304; x_wconf 84' lang='lat' dir='ltr'><strong>secunda,</strong></span> 
     </span>
     <span class='ocr_line' id='line_1_32' title="bbox 196 4329 944 4428; baseline -0.007 -22"><span class='ocrx_word' id='word_1_192' title='bbox 196 4357 220 4406; x_wconf 88' lang='lat' dir='ltr'><strong>a</strong></span> <span class='ocrx_word' id='word_1_193' title='bbox 236 4333 447 4407; x_wconf 84' lang='lat' dir='ltr'><strong>Professore</strong></span> <span class='ocrx_word' id='word_1_194' title='bbox 465 4331 613 4428; x_wconf 91' lang='lat' dir='ltr'><strong>publico</strong></span> <span class='ocrx_word' id='word_1_195' title='bbox 629 4329 833 4403; x_wconf 91' lang='lat' dir='ltr'><strong>incolumes</strong></span> <span class='ocrx_word' id='word_1_196' title='bbox 846 4338 944 4402; x_wconf 91' lang='lat' dir='ltr'><strong>sunt.</strong></span> 
     </span>
    </p>
   </div>
   <div class='ocr_carea' id='block_1_5' title="bbox 193 4503 1242 4519">
    <p class='ocr_par' dir='ltr' id='par_1_12' title="bbox 193 4503 1242 4519">
     <span class='ocr_line' id='line_1_33' title="bbox 193 4503 1242 4519; baseline -0.006 0"><span class='ocrx_word' id='word_1_197' title='bbox 193 4503 1242 4519; x_wconf 48' lang='lat' dir='ltr'><strong>*ffl*-a</strong></span> 
     </span>
    </p>
   </div>
   <div class='ocr_carea' id='block_1_6' title="bbox 474 4591 976 4665">
    <p class='ocr_par' dir='ltr' id='par_1_13' title="bbox 474 4591 976 4665">
     <span class='ocr_line' id='line_1_34' title="bbox 474 4591 976 4665; baseline -0.01 -10"><span class='ocrx_word' id='word_1_198' title='bbox 474 4596 491 4628; x_wconf 71' lang='lat'>⁸</span> <span class='ocrx_word' id='word_1_199' title='bbox 516 4594 565 4654; x_wconf 88' lang='lat' dir='ltr'><strong>Sic</strong></span> <span class='ocrx_word' id='word_1_200' title='bbox 579 4596 648 4655; x_wconf 83' lang='lat' dir='ltr'><strong>cdit.</strong></span> <span class='ocrx_word' id='word_1_201' title='bbox 670 4596 754 4652; x_wconf 85' lang='grc'><strong>1669.</strong></span> <span class='ocrx_word' id='word_1_202' title='bbox 799 4592 904 4665; x_wconf 71' lang='lat' dir='ltr'><strong>Quare</strong></span> <span class='ocrx_word' id='word_1_203' title='bbox 917 4591 976 4650; x_wconf 75' lang='lat' dir='ltr'><strong>ab?</strong></span> 
     </span>
    </p>
   </div>
   <div class='ocr_carea' id='block_1_7' title="bbox 0 0 1315 5092">
    <p class='ocr_par' dir='ltr' id='par_1_14' title="bbox 0 0 1315 5092">
     <span class='ocr_line' id='line_1_35' title="bbox 0 0 1315 5092; baseline 0 0"><span class='ocrx_word' id='word_1_204' title='bbox 0 0 1315 5092; x_wconf 95' lang='lat' dir='ltr'><strong> </strong></span> 
     </span>
    </p>
   </div>
  </div>
 </body>
</html>
