2618 5092
277 626 607 682 marnnuamom
628 624 872 677 noomnula.
1050 613 1097 678 25

43 804 157 870 mutan
182 794 224 867 in
254 792 360 868 hioia
383 792 538 892 punctis
561 790 992 865 aecare.-Astronomia
1009 791 1101 865 illud
1137 810 1287 857 uramara

44 933 113 983 non
140 907 281 992 docet;
310 930 438 1003 neque
467 928 559 1002 opus
592 905 783 1001 proprium
809 906 1012 978 astronomi
1045 917 1102 979 est
1142 893 1286 998 ζξ..,

45 1021 131 1096 illud
149 1021 431 1108 demonstrare,
449 1018 512 1092 sed
526 1030 737 1114 geometrae.
789 1018 971 1092 Observat
986 1029 1103 1092 astro·

46 1159 178 1210 nomus
208 1134 308 1207 duos
338 1133 428 1207 solis
457 1144 592 1220 motae,
612 1131 785 1205 diurnum
810 1145 849 1204 et
870 1155 1045 1223 annuum,
1063 1131 1104 1204 in

50 1251 193 1324 duobus
210 1249 296 1321 fieri
313 1246 463 1320 circulis
475 1245 664 1331 maximis;
684 1245 829 1335 deinde,
842 1258 886 1319 ut
902 1257 1103 1342 geometra,

51 1363 254 1459 investigat
282 1383 397 1457 quem
422 1359 564 1433 faciunt
587 1358 774 1454 angulum.
826 1359 958 1455 Itaque
981 1359 1106 1433 omnia

52 1478 127 1550 fere
140 1475 380 1549 theoremata
397 1483 694 1546 astronomorum
712 1471 963 1546 demonstrata
979 1484 1066 1545 sunt
1083 1496 1106 1545 a

52 1588 275 1676 Theodosio,
293 1585 480 1676 Menelao,
498 1584 652 1680 aliisque
671 1586 881 1681 geometria,
899 1586 963 1682 qui
990 1586 1105 1681 scrip-

54 1715 181 1778 serunt
198 1702 247 1775 de
266 1699 562 1797 sphaera-Eat
577 1700 672 1772 enim
695 1699 950 1773 arithmeticae
962 1699 1107 1795 subjec-

56 1825 128 1888 tum
147 1814 294 1914 purius
320 1811 497 1909 quiddam
525 1820 562 1884 et
584 1810 710 1909 magia
734 1811 976 1903 abstractum,
999 1837 1106 1909 quom

56 1928 257 2025 ubjectm
264 1924 675 2026 geometrica-Neque
686 1948 812 1998 verum
824 1937 880 1999 est
890 1926 974 2014 hoc,
985 1949 1106 2022 neque

57 2042 252 2129 rationem,
270 2050 426 2137 propter
449 2061 559 2135 quam
575 2062 703 2111 verum
725 2038 785 2128 sit,
804 2050 868 2111 aut
884 2040 915 2111 is
933 2049 997 2112 aut
1013 2039 1106 2112 alins

59 2156 252 2252 quisquam
279 2176 445 2249 unquam
469 2152 604 2226 attulit.
657 2151 800 2225 Deinde
822 2150 1107 2248 longimetriam,

58 2267 344 2364 planimetriam,
364 2276 401 2338 et
422 2265 711 2339 stereometriam
727 2277 899 2337 numerat
915 2263 1013 2338 inter
1030 2289 1108 2338 ma-

60 2380 280 2455 thematicas
303 2379 461 2462 mixtas3
488 2401 573 2451 cum
589 2389 713 2450 tamen
730 2376 937 2473 longitudo,
955 2378 1109 2473 superfi-

61 2496 145 2581 cies,
156 2506 198 2568 et
215 2492 376 2566 solidum
394 2491 469 2564 sint
481 2514 548 2587 per
561 2514 665 2563 suam
681 2490 797 2587 ipsius
810 2491 1109 2565 distributionem

62 2606 274 2705 geometriae
305 2627 410 2701 purae
443 2604 650 2698 subjectum
684 2603 1111 2702 adaequatum—Neque

62 2719 210 2794 interim
224 2717 455 2791 mechanicae
467 2726 504 2789 et
514 2716 818 2791 architectonicae
830 2717 1113 2792 obliviscendum

63 2844 130 2907 eat.
185 2832 354 2918 Quarum
371 2839 538 2925 utraque,
546 2831 763 2928 proeaertim
779 2832 1006 2920 mechanica,
1021 2857 1113 2930 geo-

65 2945 240 3020 metricae
256 2966 448 3016 marmurae
465 2943 521 3016 ita
539 2944 594 3016 ad
611 2943 736 3017 motem
753 2969 969 3043 corpoream
986 2944 1113 3042 appli-v

66 3068 137 3150 cat,
164 3067 206 3130 ut
226 3065 265 3130 ct
289 3055 437 3129 interim
456 3055 665 3154 ponderum
691 3067 729 3129 et
750 3057 884 3129 viriam
907 3057 1112 3130 matr-icium

66 3172 247 3246 rationem
264 3168 607 3243 babeat-Rursus
629 3169 880 3243 mechanicam
897 3181 1116 3244 annumerat

67 3283 240 3371 scientiis,
258 3282 362 3378 quasi
385 3281 590 3356 mechanici
611 3295 708 3356 esset
725 3281 990 3354 demonstrare.
1042 3282 1115 3356 Mi-

67 3423 148 3473 rum
164 3397 205 3472 ni
222 3409 260 3470 et
277 3396 585 3469 calceamentaria
611 3396 880 3471 mathematicis
903 3397 1027 3471 mixtis
1050 3422 1116 3471 an-

68 3511 298 3586 numeranda
315 3511 375 3600 sit,
394 3511 481 3606 quia
497 3511 650 3584 metitur
667 3510 811 3607 pedem.

115 3626 166 3699 B.
193 3625 406 3719 Antequam
421 3635 587 3696 transeas
604 3623 651 3696 ad
669 3624 789 3720 Caput
802 3624 853 3712 ii,
864 3635 1001 3720 praesta
1017 3625 1117 3723 quod

69 3738 281 3835 promisisti,
309 3736 549 3810 scientiarum
579 3738 878 3811 distributionem
904 3750 942 3812 et
955 3739 1117 3836 singula-

70 3875 149 3925 rum
168 3849 404 3924 definitiones
423 3863 625 3923 accuratas.

117 3966 167 4037 A.
196 3964 290 4037 Cum
308 3962 473 4035 scientiae
498 3988 567 4036 nec
594 3965 672 4036 sine
694 3964 975 4038 ratiocinatione
993 3966 1118 4062 acqui-

71 4091 208 4166 rantur,
224 4099 347 4173 neque
361 4076 398 4148 in
411 4076 690 4149 ratiocinatione
703 4076 825 4149 locum
838 4077 999 4150 habeant
1010 4102 1118 4150 voces

72 4194 263 4289 ambiguae,
282 4190 412 4287 quales
440 4203 527 4263 sunt
554 4190 779 4287 metaphorae
797 4205 834 4263 et
858 4204 978 4263 totum
997 4204 1118 4285 tropo·

72 4331 146 4380 rum
177 4329 322 4404 genus;
354 4317 552 4399 antequam
580 4306 817 4400 accingamur
845 4305 892 4377 ad
923 4303 1120 4377 ratiocina-

72 4420 179 4494 tionis
213 4442 323 4516 opuS,
364 4441 497 4514 nempe
531 4417 714 4504 scientias
750 4417 932 4491 discamus
973 4428 1120 4513 oportet

73 4545 241 4608 accurate
258 4530 376 4628 loqui,
395 4530 433 4605 id
451 4542 519 4620 est,
535 4530 717 4627 praefinito
735 4531 846 4627 loqui.
