2618 5092
272 691 601 747 nemausiacas
619 691 865 745 nonrunnu.
1021 678 1090 744 123

45 857 353 955 sirectaugulum
377 856 524 932 dicatur
546 881 625 932 esse
647 865 703 948 12,
731 857 950 954 intelligitur
975 856 1093 930 conti·
1129 851 1282 925 unrocus

45 995 118 1046 uere
139 980 188 1046 12
216 971 449 1068 rectanguln
472 971 629 1067 aequalia
653 980 691 1044 et
716 971 788 1045 toti
811 970 967 1054 similia3
994 968 1095 1065 quod
1135 964 1279 1068 :L

47 1083 285 1159 sidividatur
301 1107 372 1181 per
388 1091 426 1173 6,
453 1083 671 1180 intelligitur
695 1106 763 1180 per
779 1092 815 1173 6,
844 1107 908 1157 sex
939 1107 984 1156 ex
1013 1083 1095 1156 istis

49 1196 285 1294 rectaugulis.
339 1197 400 1270 Ita
415 1207 458 1270 ut
479 1197 510 1270 si
528 1208 715 1292 quaeratur
742 1196 887 1292 quoties
910 1204 933 1268 6
951 1206 1095 1269 rectan-

51 1312 130 1409 gula
150 1310 426 1384 contineantur
447 1310 487 1383 in
508 1319 553 1384 12
580 1309 804 1406 rectangulis
829 1308 994 1406 ejusdem
1011 1333 1096 1382 cum

52 1425 116 1498 illis
140 1423 429 1520 magnitudinis,
452 1422 734 1521 respondebitur
762 1423 980 1513 (secundum
1007 1446 1096 1518 quo

52 1538 219 1631 tientem)
255 1544 293 1610 2.
359 1536 491 1634 Itaque
524 1537 721 1635 applicatio
752 1550 1024 1634 geometrarum
1059 1548 1098 1609 et

55 1650 179 1723 divisio
206 1649 526 1723 arithmeticorum
553 1649 682 1723 eadem
709 1649 786 1724 fere
811 1674 871 1724 res
893 1662 960 1740 est,
988 1661 1030 1722 ut
1059 1662 1099 1722 et

55 1763 176 1837 ductio
207 1774 484 1859 geometrarum
512 1775 550 1836 et
578 1762 894 1837 arithmeticorum
924 1763 1098 1859 multipli-

56 1876 171 1962 catio;
196 1876 272 1949 nisi
289 1875 390 1972 quod
407 1875 664 1973 multiplicatio
681 1876 789 1950 lineae
808 1899 875 1972 per
892 1899 1098 1965 numerum,

57 2013 244 2087 uunquam
272 1989 448 2086 producit
482 1989 724 2086 superficiem,
759 1989 825 2063 sed
853 1989 994 2072 lineas;
1029 2012 1100 2061 nec

58 2103 253 2202 applicatio
267 2103 416 2176 numeri
432 2101 480 2176 ad
496 2103 647 2199 planum
663 2102 755 2175 facit
771 2125 933 2198 unquam
951 2102 1097 2174 lineam.

60 2216 165 2293 Quod
181 2226 311 2291 autem
333 2217 443 2306 latus,
459 2215 499 2289 id
522 2226 578 2290 est
597 2217 706 2305 linea,
723 2238 791 2312 per
816 2215 1099 2312 applicationem

60 2330 223 2427 prodeat,
241 2352 329 2403 cum
345 2352 412 2425 per
428 2328 642 2402 divisionem
658 2327 814 2424 prodeat
832 2351 1005 2400 numerus
1021 2350 1101 2399 rec-

60 2443 306 2540 taugulorum,
324 2442 365 2516 id
381 2442 576 2539 contingit,
594 2442 682 2538 quia
705 2441 904 2515 similitudo
922 2453 961 2514 et
978 2464 1101 2537 aequa-

61 2556 139 2631 litas
153 2556 458 2652 rectaugulorum
470 2555 560 2629 facit
573 2566 615 2630 ut
628 2556 786 2628 alterum
801 2555 949 2651 quidem
961 2554 1102 2627 iudicet

62 2693 251 2744 numerum
286 2669 586 2765 rectangulorum
620 2668 793 2742 similium
820 2679 859 2742 et
892 2667 1100 2764 aequalium,

64 2785 215 2858 alterum
242 2805 333 2855 vero
362 2805 555 2855 numerum
587 2781 906 2878 multiplicantem.
971 2781 1103 2875 Neque

65 2895 351 2992 inrectaugulis
382 2904 539 2984 tautum,
570 2894 776 2968 sedetiam
810 2896 849 2968 in
879 2894 1103 2991 quibuslibet

65 3008 409 3106 parallelogrammis
425 3008 524 3081 idem
536 3007 683 3081 accidit.
728 3007 839 3084 Quod
853 3032 937 3081 cum
951 3007 1012 3080 ille
1026 3030 1102 3080 nou

66 3122 213 3210 videret,
227 3121 322 3194 mire
338 3144 377 3194 se
389 3130 549 3217 torquet,
565 3120 680 3194 cruda
692 3132 731 3194 et
743 3119 926 3216 indigesta
938 3120 1103 3215 cogitata

67 3255 127 3308 rua
142 3232 330 3330 explicare
350 3234 512 3330 cupiens.
564 3234 693 3329 ltaque
712 3232 925 3306 divisionem
943 3255 1021 3305 esse
1038 3255 1103 3304 ue-

67 3362 135 3447 gat,
165 3351 238 3424 nisi
268 3372 501 3442 eremmon,
520 3351 818 3445 quotientemque
852 3372 927 3422 nou
955 3347 1104 3444 proprie

67 3463 134 3539 dici
167 3463 208 3538 id
246 3461 349 3560 quod
382 3462 520 3558 prodit,
553 3485 623 3535 nec
658 3460 881 3558 respondere
921 3460 1105 3556 questioni

68 3588 149 3674 quot
181 3590 249 3651 aut
283 3576 456 3674 quodem
499 3599 584 3649 cum
617 3587 743 3648 tamen
776 3574 1012 3648 manifestum
1046 3574 1105 3661 sit,

68 3689 112 3780 id,
142 3689 246 3788 quod
271 3688 410 3786 prodit,
439 3712 517 3762 esse
546 3688 644 3762 latus
670 3689 775 3784 cujus
803 3698 994 3785 segmenta
1019 3699 1106 3762 sunt

68 3823 236 3876 numerus
261 3813 537 3897 segmentorum
562 3798 730 3873 indicans
758 3801 902 3896 quoties
929 3824 1106 3874 numerus

68 3915 247 3989 minorum
273 3914 698 4011 parallelogrammorum
724 3915 960 3988 contineatur
976 3915 1015 3987 in
1040 3938 1105 4011 pa-

69 4027 358 4125 rallelogrammo
374 4037 467 4100 toto.
515 4026 684 4123 Exempli
700 4029 842 4123 gratia;
860 4029 899 4101 in
915 4027 1106 4124 parallelo-

70 4163 231 4237 grammo
259 4138 420 4229 ABcD,
446 4139 563 4213 diviso
581 4138 653 4211 AB
677 4139 716 4213 in
741 4147 765 4213 6
786 4153 909 4237 partes
935 4140 1106 4235 aequales,

72 4266 105 4327 et
124 4254 196 4328 Ac
223 4253 264 4326 in
291 4259 315 4325 2
340 4264 465 4349 partes
493 4256 651 4351 aequales
678 4255 760 4344 ΑΕ,
791 4254 871 4340 ΕΟ,
898 4254 995 4327 latus
1024 4251 1107 4339 Ac,

72 4388 196 4464 nempe
239 4367 422 4464 quotienS,
457 4380 514 4442 est
547 4380 583 4457 2,
617 4368 785 4441 indicans
819 4391 883 4440 sex
916 4363 1108 4463 parallelo·

73 4501 231 4575 gramma
260 4488 436 4553 contenta
467 4481 507 4554 in
541 4481 619 4555 AF
652 4480 835 4554 contineri
868 4479 924 4551 bis
957 4477 995 4549 iu
1027 4487 1108 4550 toto

74 4593 406 4691 mmuaogrammo
436 4591 521 4668 BC.
599 4593 741 4668 Deinde
774 4591 885 4688 paulo
919 4601 1014 4687 post,
1048 4587 1109 4660 ubi
