<?xml version="1.0" encoding="UTF-8"?>
<!DOCTYPE html PUBLIC "-//W3C//DTD XHTML 1.0 Transitional//EN"
    "http://www.w3.org/TR/xhtml1/DTD/xhtml1-transitional.dtd">
<html xmlns="http://www.w3.org/1999/xhtml" xml:lang="en" lang="en">
 <head>
  <title>
</title>
<meta http-equiv="Content-Type" content="text/html;charset=utf-8" />
  <meta name='ocr-system' content='tesseract 3.04.00' />
  <meta name='ocr-capabilities' content='ocr_page ocr_carea ocr_par ocr_line ocrx_word'/>
</head>
<body>
  <div class='ocr_page' id='page_1' title='image "./thomhobbesmalme03hobbgoog_0435.png"; bbox 0 0 2618 5092; ppageno 0'>
   <div class='ocr_carea' id='block_1_1' title="bbox 223 670 1133 741">
    <p class='ocr_par' dir='ltr' id='par_1_1' title="bbox 223 670 1133 741">
     <span class='ocr_line' id='line_1_1' title="bbox 223 670 1133 741; baseline -0.007 -2"><span class='ocrx_word' id='word_1_1' title='bbox 223 670 296 739; x_wconf 78' lang='lat'>420</span> <span class='ocrx_word' id='word_1_2' title='bbox 365 682 420 736; x_wconf 80' lang='lat' dir='ltr'>nn</span> <span class='ocrx_word' id='word_1_3' title='bbox 440 684 673 741; x_wconf 72' lang='lat' dir='ltr'>Pammene</span> <span class='ocrx_word' id='word_1_4' title='bbox 691 684 745 740; x_wconf 78' lang='lat' dir='ltr'>nr</span> <span class='ocrx_word' id='word_1_5' title='bbox 761 680 1133 739; x_wconf 72' lang='lat' dir='ltr'>aumooruumonu</span> 
     </span>
    </p>
   </div>
   <div class='ocr_carea' id='block_1_2' title="bbox 36 846 1268 4684">
    <p class='ocr_par' dir='ltr' id='par_1_2' title="bbox 39 846 1251 949">
     <span class='ocr_line' id='line_1_2' title="bbox 39 846 1251 949; baseline -0.003 -22"><span class='ocrx_word' id='word_1_6' title='bbox 39 878 177 921; x_wconf 75' lang='lat' dir='ltr'>cur-¹11·</span> <span class='ocrx_word' id='word_1_7' title='bbox 222 854 290 928; x_wconf 85' lang='lat' dir='ltr'>bns</span> <span class='ocrx_word' id='word_1_8' title='bbox 319 852 438 928; x_wconf 80' lang='lat' dir='ltr'>tactas</span> <span class='ocrx_word' id='word_1_9' title='bbox 465 853 505 927; x_wconf 91' lang='lat' dir='ltr'>in</span> <span class='ocrx_word' id='word_1_10' title='bbox 523 854 603 943; x_wconf 90' lang='lat' dir='ltr'>BD,</span> <span class='ocrx_word' id='word_1_11' title='bbox 633 852 860 949; x_wconf 81' lang='lat' dir='ltr'>(differentia</span> <span class='ocrx_word' id='word_1_12' title='bbox 885 853 989 927; x_wconf 90' lang='lat' dir='ltr'>inter</span> <span class='ocrx_word' id='word_1_13' title='bbox 1014 850 1084 925; x_wconf 83' lang='lat' dir='ltr'>AB</span> <span class='ocrx_word' id='word_1_14' title='bbox 1105 860 1145 925; x_wconf 90' lang='lat' dir='ltr'>et</span> <span class='ocrx_word' id='word_1_15' title='bbox 1166 846 1251 943; x_wconf 63' lang='lat' dir='ltr'>Ant</span> 
     </span>
    </p>

    <p class='ocr_par' dir='ltr' id='par_1_3' title="bbox 36 948 1253 1064">
     <span class='ocr_line' id='line_1_3' title="bbox 36 948 1253 1064; baseline -0.003 -24"><span class='ocrx_word' id='word_1_16' title='bbox 36 948 181 1051; x_wconf 53' lang='lat' dir='ltr'>Euda:</span> <span class='ocrx_word' id='word_1_17' title='bbox 222 966 377 1063; x_wconf 76' lang='lat' dir='ltr'>singulm</span> <span class='ocrx_word' id='word_1_18' title='bbox 406 966 454 1040; x_wconf 90' lang='lat' dir='ltr'>ad</span> <span class='ocrx_word' id='word_1_19' title='bbox 482 966 657 1064; x_wconf 78' lang='lat' dir='ltr'>singulm,</span> <span class='ocrx_word' id='word_1_20' title='bbox 683 966 840 1042; x_wconf 90' lang='lat' dir='ltr'>eandem</span> <span class='ocrx_word' id='word_1_21' title='bbox 864 966 1064 1041; x_wconf 88' lang='lat' dir='ltr'>habebunt</span> <span class='ocrx_word' id='word_1_22' title='bbox 1090 962 1253 1037; x_wconf 85' lang='lat' dir='ltr'>rationem</span> 
     </span>
    </p>

    <p class='ocr_par' dir='ltr' id='par_1_4' title="bbox 41 1070 1254 1290">
     <span class='ocr_line' id='line_1_4' title="bbox 41 1070 1254 1178; baseline -0.003 -25"><span class='ocrx_word' id='word_1_23' title='bbox 41 1070 172 1117; x_wconf 57' lang='lat'>&#39;&#39;⁸⁶¹⁶“</span> <span class='ocrx_word' id='word_1_24' title='bbox 223 1105 334 1178; x_wconf 90' lang='lat' dir='ltr'>quam</span> <span class='ocrx_word' id='word_1_25' title='bbox 351 1080 417 1153; x_wconf 84' lang='lat' dir='ltr'>AC</span> <span class='ocrx_word' id='word_1_26' title='bbox 439 1091 522 1154; x_wconf 88' lang='lat' dir='ltr'>tota</span> <span class='ocrx_word' id='word_1_27' title='bbox 546 1080 595 1154; x_wconf 90' lang='lat' dir='ltr'>ad</span> <span class='ocrx_word' id='word_1_28' title='bbox 612 1081 680 1155; x_wconf 88' lang='lat' dir='ltr'>AB</span> <span class='ocrx_word' id='word_1_29' title='bbox 706 1092 836 1172; x_wconf 82' lang='lat' dir='ltr'>totam,</span> <span class='ocrx_word' id='word_1_30' title='bbox 852 1079 914 1155; x_wconf 80' lang='lat' dir='ltr'>vel</span> <span class='ocrx_word' id='word_1_31' title='bbox 936 1080 1004 1155; x_wconf 82' lang='grc' dir='ltr'>ΑΕ</span> <span class='ocrx_word' id='word_1_32' title='bbox 1027 1100 1117 1177; x_wconf 76' lang='lat' dir='ltr'>pun</span> <span class='ocrx_word' id='word_1_33' title='bbox 1137 1074 1254 1151; x_wconf 75' lang='lat' dir='ltr'>adult</span> 
     </span>
     <span class='ocr_line' id='line_1_5' title="bbox 221 1205 377 1290; baseline -0.013 -23"><span class='ocrx_word' id='word_1_34' title='bbox 221 1205 377 1290; x_wconf 91' lang='lat' dir='ltr'>partem.</span> 
     </span>
    </p>

    <p class='ocr_par' dir='ltr' id='par_1_5' title="bbox 222 1302 1261 2873">
     <span class='ocr_line' id='line_1_6' title="bbox 274 1302 1257 1391; baseline -0.006 -10"><span class='ocrx_word' id='word_1_35' title='bbox 274 1307 400 1381; x_wconf 79' lang='lat' dir='ltr'>Quare</span> <span class='ocrx_word' id='word_1_36' title='bbox 422 1305 453 1378; x_wconf 88' lang='lat' dir='ltr'>si</span> <span class='ocrx_word' id='word_1_37' title='bbox 471 1306 538 1380; x_wconf 91' lang='lat' dir='ltr'>AB</span> <span class='ocrx_word' id='word_1_38' title='bbox 555 1315 594 1379; x_wconf 86' lang='lat' dir='ltr'>et</span> <span class='ocrx_word' id='word_1_39' title='bbox 617 1306 688 1381; x_wconf 80' lang='lat' dir='ltr'>AD</span> <span class='ocrx_word' id='word_1_40' title='bbox 712 1305 789 1380; x_wconf 85' lang='lat' dir='ltr'>sint</span> <span class='ocrx_word' id='word_1_41' title='bbox 811 1302 1212 1391; x_wconf 79' lang='lat' dir='ltr'>inoommenaurabilea,</span> <span class='ocrx_word' id='word_1_42' title='bbox 1224 1310 1257 1375; x_wconf 82' lang='lat' dir='ltr'>et</span> 
     </span>
     <span class='ocr_line' id='line_1_7' title="bbox 222 1412 1257 1517; baseline -0.006 -24"><span class='ocrx_word' id='word_1_43' title='bbox 222 1418 378 1517; x_wconf 87' lang='lat' dir='ltr'>proinde</span> <span class='ocrx_word' id='word_1_44' title='bbox 395 1419 508 1494; x_wconf 90' lang='lat' dir='ltr'>etiam</span> <span class='ocrx_word' id='word_1_45' title='bbox 526 1419 603 1507; x_wconf 85' lang='lat' dir='ltr'>Ae,</span> <span class='ocrx_word' id='word_1_46' title='bbox 618 1418 684 1493; x_wconf 85' lang='grc' dir='ltr'>ΑΕ</span> <span class='ocrx_word' id='word_1_47' title='bbox 700 1416 1117 1501; x_wconf 75' lang='lat' dir='ltr'>incommensurabiles3</span> <span class='ocrx_word' id='word_1_48' title='bbox 1141 1412 1257 1489; x_wconf 90' lang='lat' dir='ltr'>intelli·</span> 
     </span>
     <span class='ocr_line' id='line_1_8' title="bbox 222 1526 1257 1629; baseline -0.004 -24"><span class='ocrx_word' id='word_1_49' title='bbox 222 1544 432 1629; x_wconf 84' lang='lat' dir='ltr'>ganturque</span> <span class='ocrx_word' id='word_1_50' title='bbox 449 1531 632 1627; x_wconf 84' lang='lat' dir='ltr'>quotlibet</span> <span class='ocrx_word' id='word_1_51' title='bbox 644 1543 770 1629; x_wconf 87' lang='lat' dir='ltr'>partes</span> <span class='ocrx_word' id='word_1_52' title='bbox 785 1530 949 1627; x_wconf 83' lang='lat' dir='ltr'>aeqnales</span> <span class='ocrx_word' id='word_1_53' title='bbox 962 1540 1123 1628; x_wconf 82' lang='lat' dir='ltr'>sumptre</span> <span class='ocrx_word' id='word_1_54' title='bbox 1138 1527 1177 1601; x_wconf 92' lang='lat' dir='ltr'>in</span> <span class='ocrx_word' id='word_1_55' title='bbox 1191 1526 1257 1615; x_wconf 79' lang='lat' dir='ltr'>AB,</span> 
     </span>
     <span class='ocr_line' id='line_1_9' title="bbox 223 1642 1259 1742; baseline -0.007 -22"><span class='ocrx_word' id='word_1_56' title='bbox 223 1646 276 1720; x_wconf 86' lang='lat' dir='ltr'>ita</span> <span class='ocrx_word' id='word_1_57' title='bbox 293 1658 336 1718; x_wconf 87' lang='lat' dir='ltr'>nt</span> <span class='ocrx_word' id='word_1_58' title='bbox 352 1654 469 1718; x_wconf 85' lang='lat' dir='ltr'>restet</span> <span class='ocrx_word' id='word_1_59' title='bbox 485 1643 535 1717; x_wconf 89' lang='lat' dir='ltr'>ad</span> <span class='ocrx_word' id='word_1_60' title='bbox 552 1643 810 1742; x_wconf 79' lang='lat' dir='ltr'><strong>complendam</strong></span> <span class='ocrx_word' id='word_1_61' title='bbox 826 1643 894 1718; x_wconf 82' lang='lat' dir='ltr'>AB</span> <span class='ocrx_word' id='word_1_62' title='bbox 908 1666 996 1739; x_wconf 85' lang='lat' dir='ltr'>pars</span> <span class='ocrx_word' id='word_1_63' title='bbox 1017 1642 1143 1717; x_wconf 89' lang='lat' dir='ltr'>minor</span> <span class='ocrx_word' id='word_1_64' title='bbox 1163 1662 1259 1739; x_wconf 85' lang='lat' dir='ltr'>quan</span> 
     </span>
     <span class='ocr_line' id='line_1_10' title="bbox 222 1752 1259 1854; baseline -0.004 -23"><span class='ocrx_word' id='word_1_65' title='bbox 222 1782 299 1832; x_wconf 89' lang='lat' dir='ltr'>nna</span> <span class='ocrx_word' id='word_1_66' title='bbox 315 1781 441 1831; x_wconf 88' lang='lat' dir='ltr'>earum</span> <span class='ocrx_word' id='word_1_67' title='bbox 459 1757 642 1854; x_wconf 69' lang='lat' dir='ltr'>partium</span> <span class='ocrx_word' id='word_1_68' title='bbox 669 1769 708 1831; x_wconf 91' lang='lat' dir='ltr'>et</span> <span class='ocrx_word' id='word_1_69' title='bbox 724 1755 880 1831; x_wconf 91' lang='lat' dir='ltr'>totidem</span> <span class='ocrx_word' id='word_1_70' title='bbox 896 1768 1025 1851; x_wconf 85' lang='lat' dir='ltr'>partes</span> <span class='ocrx_word' id='word_1_71' title='bbox 1041 1752 1200 1852; x_wconf 82' lang='lat' dir='ltr'>aequalea</span> <span class='ocrx_word' id='word_1_72' title='bbox 1216 1753 1259 1827; x_wconf 89' lang='lat' dir='ltr'>in·</span> 
     </span>
     <span class='ocr_line' id='line_1_11' title="bbox 223 1862 1260 1968; baseline -0.005 -23"><span class='ocrx_word' id='word_1_73' title='bbox 223 1871 440 1968; x_wconf 81' lang='lat' dir='ltr'>telligantur</span> <span class='ocrx_word' id='word_1_74' title='bbox 461 1883 619 1966; x_wconf 79' lang='lat' dir='ltr'>sumptae</span> <span class='ocrx_word' id='word_1_75' title='bbox 645 1870 683 1943; x_wconf 91' lang='lat' dir='ltr'>in</span> <span class='ocrx_word' id='word_1_76' title='bbox 701 1868 787 1958; x_wconf 88' lang='lat' dir='ltr'>AD,</span> <span class='ocrx_word' id='word_1_77' title='bbox 803 1868 859 1943; x_wconf 89' lang='lat' dir='ltr'>ita</span> <span class='ocrx_word' id='word_1_78' title='bbox 880 1868 995 1942; x_wconf 88' lang='lat' dir='ltr'>etiam</span> <span class='ocrx_word' id='word_1_79' title='bbox 1018 1881 1064 1942; x_wconf 88' lang='lat' dir='ltr'>ut</span> <span class='ocrx_word' id='word_1_80' title='bbox 1091 1878 1205 1941; x_wconf 82' lang='lat' dir='ltr'>restet</span> <span class='ocrx_word' id='word_1_81' title='bbox 1222 1862 1260 1939; x_wconf 88' lang='lat' dir='ltr'>ad</span> 
     </span>
     <span class='ocr_line' id='line_1_12' title="bbox 224 1980 1261 2081; baseline -0.003 -23"><span class='ocrx_word' id='word_1_82' title='bbox 224 1984 481 2081; x_wconf 78' lang='lat' dir='ltr'><strong>complendam</strong></span> <span class='ocrx_word' id='word_1_83' title='bbox 498 1996 638 2059; x_wconf 83' lang='lat' dir='ltr'>rectam</span> <span class='ocrx_word' id='word_1_84' title='bbox 662 1981 736 2057; x_wconf 84' lang='lat' dir='ltr'>AD</span> <span class='ocrx_word' id='word_1_85' title='bbox 763 1981 886 2056; x_wconf 91' lang='lat' dir='ltr'>minor</span> <span class='ocrx_word' id='word_1_86' title='bbox 902 2004 1016 2078; x_wconf 87' lang='lat' dir='ltr'>quam</span> <span class='ocrx_word' id='word_1_87' title='bbox 1042 2004 1122 2056; x_wconf 87' lang='lat' dir='ltr'>una</span> <span class='ocrx_word' id='word_1_88' title='bbox 1145 1980 1261 2055; x_wconf 85' lang='lat' dir='ltr'>harum</span> 
     </span>
     <span class='ocr_line' id='line_1_13' title="bbox 225 2092 1261 2193; baseline -0.001 -25"><span class='ocrx_word' id='word_1_89' title='bbox 225 2095 415 2193; x_wconf 88' lang='lat' dir='ltr'>partium;</span> <span class='ocrx_word' id='word_1_90' title='bbox 442 2095 579 2192; x_wconf 89' lang='lat' dir='ltr'>fiatque</span> <span class='ocrx_word' id='word_1_91' title='bbox 604 2094 702 2169; x_wconf 87' lang='lat' dir='ltr'>idem</span> <span class='ocrx_word' id='word_1_92' title='bbox 726 2094 767 2169; x_wconf 92' lang='lat' dir='ltr'>in</span> <span class='ocrx_word' id='word_1_93' title='bbox 793 2093 904 2169; x_wconf 83' lang='lat' dir='ltr'>rectis</span> <span class='ocrx_word' id='word_1_94' title='bbox 931 2092 1013 2183; x_wconf 84' lang='grc' dir='ltr'>ΑΟ,</span> <span class='ocrx_word' id='word_1_95' title='bbox 1030 2092 1126 2169; x_wconf 83' lang='lat' dir='ltr'>AE:</span> <span class='ocrx_word' id='word_1_96' title='bbox 1151 2116 1261 2170; x_wconf 79' lang='lat' dir='ltr'>omues</span> 
     </span>
     <span class='ocr_line' id='line_1_14' title="bbox 225 2205 1261 2304; baseline -0.003 -22"><span class='ocrx_word' id='word_1_97' title='bbox 225 2208 299 2283; x_wconf 87' lang='lat' dir='ltr'>illae</span> <span class='ocrx_word' id='word_1_98' title='bbox 315 2220 439 2304; x_wconf 87' lang='lat' dir='ltr'>partes</span> <span class='ocrx_word' id='word_1_99' title='bbox 457 2206 618 2304; x_wconf 86' lang='lat' dir='ltr'>aequales</span> <span class='ocrx_word' id='word_1_100' title='bbox 635 2206 745 2281; x_wconf 86' lang='lat' dir='ltr'>simul</span> <span class='ocrx_word' id='word_1_101' title='bbox 761 2219 920 2303; x_wconf 78' lang='lat' dir='ltr'>sumptae</span> <span class='ocrx_word' id='word_1_102' title='bbox 936 2207 977 2280; x_wconf 91' lang='lat' dir='ltr'>in</span> <span class='ocrx_word' id='word_1_103' title='bbox 990 2205 1076 2297; x_wconf 85' lang='lat' dir='ltr'>AB,</span> <span class='ocrx_word' id='word_1_104' title='bbox 1090 2207 1261 2283; x_wconf 88' lang='lat' dir='ltr'>habebunt</span> 
     </span>
     <span class='ocr_line' id='line_1_15' title="bbox 226 2317 1261 2418; baseline 0.001 -24"><span class='ocrx_word' id='word_1_105' title='bbox 226 2322 382 2395; x_wconf 90' lang='lat' dir='ltr'>eandem</span> <span class='ocrx_word' id='word_1_106' title='bbox 400 2320 581 2394; x_wconf 87' lang='lat' dir='ltr'>rationem</span> <span class='ocrx_word' id='word_1_107' title='bbox 598 2319 647 2394; x_wconf 91' lang='lat' dir='ltr'>ad</span> <span class='ocrx_word' id='word_1_108' title='bbox 664 2332 783 2394; x_wconf 90' lang='lat' dir='ltr'>totam</span> <span class='ocrx_word' id='word_1_109' title='bbox 801 2317 883 2409; x_wconf 89' lang='lat' dir='ltr'>AB,</span> <span class='ocrx_word' id='word_1_110' title='bbox 901 2343 1017 2417; x_wconf 91' lang='lat' dir='ltr'>quam</span> <span class='ocrx_word' id='word_1_111' title='bbox 1040 2321 1182 2395; x_wconf 90' lang='lat' dir='ltr'>habeut</span> <span class='ocrx_word' id='word_1_112' title='bbox 1196 2344 1261 2418; x_wconf 84' lang='lat' dir='ltr'>pat·</span> 
     </span>
     <span class='ocr_line' id='line_1_16' title="bbox 227 2430 1261 2531; baseline -0.004 -23"><span class='ocrx_word' id='word_1_113' title='bbox 227 2447 282 2509; x_wconf 91' lang='lat' dir='ltr'>tes</span> <span class='ocrx_word' id='word_1_114' title='bbox 300 2435 436 2508; x_wconf 86' lang='lat' dir='ltr'>similes</span> <span class='ocrx_word' id='word_1_115' title='bbox 452 2434 611 2530; x_wconf 89' lang='lat' dir='ltr'>aequales</span> <span class='ocrx_word' id='word_1_116' title='bbox 625 2445 782 2531; x_wconf 81' lang='lat' dir='ltr'>sumptae</span> <span class='ocrx_word' id='word_1_117' title='bbox 800 2434 839 2506; x_wconf 88' lang='lat' dir='ltr'>iu</span> <span class='ocrx_word' id='word_1_118' title='bbox 852 2430 916 2507; x_wconf 85' lang='lat' dir='ltr'>Ac</span> <span class='ocrx_word' id='word_1_119' title='bbox 931 2433 980 2507; x_wconf 93' lang='lat' dir='ltr'>ad</span> <span class='ocrx_word' id='word_1_120' title='bbox 997 2434 1120 2531; x_wconf 82' lang='lat' dir='ltr'>ipsam</span> <span class='ocrx_word' id='word_1_121' title='bbox 1134 2434 1218 2519; x_wconf 80' lang='lat' dir='ltr'>AC3</span> <span class='ocrx_word' id='word_1_122' title='bbox 1233 2446 1261 2506; x_wconf 90' lang='lat' dir='ltr'>et</span> 
     </span>
     <span class='ocr_line' id='line_1_17' title="bbox 226 2547 1261 2646; baseline 0 -26"><span class='ocrx_word' id='word_1_123' title='bbox 226 2572 336 2646; x_wconf 87' lang='lat' dir='ltr'>quam</span> <span class='ocrx_word' id='word_1_124' title='bbox 352 2549 490 2621; x_wconf 89' lang='lat' dir='ltr'>habent</span> <span class='ocrx_word' id='word_1_125' title='bbox 507 2571 633 2620; x_wconf 89' lang='lat' dir='ltr'>omues</span> <span class='ocrx_word' id='word_1_126' title='bbox 651 2547 787 2621; x_wconf 87' lang='lat' dir='ltr'>similes</span> <span class='ocrx_word' id='word_1_127' title='bbox 804 2557 928 2643; x_wconf 88' lang='lat' dir='ltr'>partes</span> <span class='ocrx_word' id='word_1_128' title='bbox 942 2549 1109 2643; x_wconf 86' lang='lat' dir='ltr'>aequales</span> <span class='ocrx_word' id='word_1_129' title='bbox 1122 2559 1261 2645; x_wconf 82' lang='lat' dir='ltr'>sumpta</span> 
     </span>
     <span class='ocr_line' id='line_1_18' title="bbox 227 2660 1261 2758; baseline 0 -25"><span class='ocrx_word' id='word_1_130' title='bbox 227 2661 265 2733; x_wconf 94' lang='lat' dir='ltr'>in</span> <span class='ocrx_word' id='word_1_131' title='bbox 285 2660 357 2733; x_wconf 83' lang='lat' dir='ltr'>AD</span> <span class='ocrx_word' id='word_1_132' title='bbox 375 2661 424 2734; x_wconf 90' lang='lat' dir='ltr'>ad</span> <span class='ocrx_word' id='word_1_133' title='bbox 441 2661 558 2758; x_wconf 86' lang='lat' dir='ltr'>ipsam</span> <span class='ocrx_word' id='word_1_134' title='bbox 579 2661 675 2745; x_wconf 85' lang='lat' dir='ltr'>AD;</span> <span class='ocrx_word' id='word_1_135' title='bbox 694 2674 731 2735; x_wconf 90' lang='lat' dir='ltr'>et</span> <span class='ocrx_word' id='word_1_136' title='bbox 748 2685 858 2758; x_wconf 89' lang='lat' dir='ltr'>quam</span> <span class='ocrx_word' id='word_1_137' title='bbox 875 2661 1017 2735; x_wconf 88' lang='lat' dir='ltr'>habent</span> <span class='ocrx_word' id='word_1_138' title='bbox 1034 2687 1166 2737; x_wconf 89' lang='lat' dir='ltr'>omnes</span> <span class='ocrx_word' id='word_1_139' title='bbox 1182 2661 1261 2735; x_wconf 86' lang='lat' dir='ltr'>simi·</span> 
     </span>
     <span class='ocr_line' id='line_1_19' title="bbox 227 2773 1219 2873; baseline 0.001 -25"><span class='ocrx_word' id='word_1_140' title='bbox 227 2775 281 2848; x_wconf 89' lang='lat' dir='ltr'>les</span> <span class='ocrx_word' id='word_1_141' title='bbox 298 2785 419 2870; x_wconf 88' lang='lat' dir='ltr'>partes</span> <span class='ocrx_word' id='word_1_142' title='bbox 437 2775 597 2871; x_wconf 87' lang='lat' dir='ltr'>aequales</span> <span class='ocrx_word' id='word_1_143' title='bbox 615 2789 771 2871; x_wconf 83' lang='lat' dir='ltr'>sumptae</span> <span class='ocrx_word' id='word_1_144' title='bbox 788 2776 826 2849; x_wconf 89' lang='lat' dir='ltr'>in</span> <span class='ocrx_word' id='word_1_145' title='bbox 845 2773 915 2848; x_wconf 90' lang='grc' dir='ltr'>ΑΕ</span> <span class='ocrx_word' id='word_1_146' title='bbox 933 2774 983 2849; x_wconf 88' lang='lat' dir='ltr'>ad</span> <span class='ocrx_word' id='word_1_147' title='bbox 999 2776 1124 2873; x_wconf 80' lang='lat' dir='ltr'>ipsam</span> <span class='ocrx_word' id='word_1_148' title='bbox 1142 2776 1219 2851; x_wconf 82' lang='grc' dir='ltr'>ΑΕ.</span> 
     </span>
    </p>

    <p class='ocr_par' dir='ltr' id='par_1_6' title="bbox 229 2887 1265 3530">
     <span class='ocr_line' id='line_1_20' title="bbox 278 2887 1263 2984; baseline -0.002 -24"><span class='ocrx_word' id='word_1_149' title='bbox 278 2887 430 2960; x_wconf 87' lang='lat' dir='ltr'>Eaedem</span> <span class='ocrx_word' id='word_1_150' title='bbox 448 2912 536 2984; x_wconf 88' lang='lat' dir='ltr'>ergo</span> <span class='ocrx_word' id='word_1_151' title='bbox 554 2900 640 2961; x_wconf 89' lang='lat' dir='ltr'>suut</span> <span class='ocrx_word' id='word_1_152' title='bbox 658 2889 831 2976; x_wconf 88' lang='lat' dir='ltr'>rationes,</span> <span class='ocrx_word' id='word_1_153' title='bbox 849 2911 939 2984; x_wconf 91' lang='lat' dir='ltr'>quas</span> <span class='ocrx_word' id='word_1_154' title='bbox 958 2888 1185 2964; x_wconf 86' lang='lat' dir='ltr'>determinat</span> <span class='ocrx_word' id='word_1_155' title='bbox 1201 2888 1263 2962; x_wconf 86' lang='lat' dir='ltr'>sire</span> 
     </span>
     <span class='ocr_line' id='line_1_21' title="bbox 229 3001 1263 3101; baseline -0.001 -27"><span class='ocrx_word' id='word_1_156' title='bbox 229 3001 380 3097; x_wconf 86' lang='lat' dir='ltr'>exponit</span> <span class='ocrx_word' id='word_1_157' title='bbox 401 3012 523 3074; x_wconf 88' lang='lat' dir='ltr'>motus</span> <span class='ocrx_word' id='word_1_158' title='bbox 543 3001 738 3074; x_wconf 86' lang='lat' dir='ltr'>uniformis</span> <span class='ocrx_word' id='word_1_159' title='bbox 759 3001 814 3092; x_wconf 90' lang='lat' dir='ltr'>(id</span> <span class='ocrx_word' id='word_1_160' title='bbox 834 3012 902 3090; x_wconf 88' lang='lat' dir='ltr'>est,</span> <span class='ocrx_word' id='word_1_161' title='bbox 924 3015 1052 3076; x_wconf 85' lang='lat' dir='ltr'>motus</span> <span class='ocrx_word' id='word_1_162' title='bbox 1079 3002 1263 3101; x_wconf 81' lang='lat' dir='ltr'>aequalibus</span> 
     </span>
     <span class='ocr_line' id='line_1_22' title="bbox 229 3114 1264 3211; baseline -0.002 -22"><span class='ocrx_word' id='word_1_163' title='bbox 229 3115 457 3211; x_wconf 86' lang='lat' dir='ltr'>temporibus</span> <span class='ocrx_word' id='word_1_164' title='bbox 475 3114 634 3210; x_wconf 83' lang='lat' dir='ltr'>aequales</span> <span class='ocrx_word' id='word_1_165' title='bbox 651 3128 771 3188; x_wconf 87' lang='lat' dir='ltr'>rectas</span> <span class='ocrx_word' id='word_1_166' title='bbox 790 3114 1018 3204; x_wconf 81' lang='lat' dir='ltr'>describens)</span> <span class='ocrx_word' id='word_1_167' title='bbox 1036 3116 1170 3190; x_wconf 88' lang='lat' dir='ltr'>eodem</span> <span class='ocrx_word' id='word_1_168' title='bbox 1186 3132 1264 3189; x_wconf 81' lang='lat' dir='ltr'>tem·</span> 
     </span>
     <span class='ocr_line' id='line_1_23' title="bbox 230 3226 1265 3326; baseline -0.003 -24"><span class='ocrx_word' id='word_1_169' title='bbox 230 3254 343 3326; x_wconf 89' lang='lat' dir='ltr'>pore:</span> <span class='ocrx_word' id='word_1_170' title='bbox 364 3232 509 3325; x_wconf 86' lang='lat' dir='ltr'>nempe,</span> <span class='ocrx_word' id='word_1_171' title='bbox 527 3229 622 3302; x_wconf 91' lang='lat' dir='ltr'>ratio</span> <span class='ocrx_word' id='word_1_172' title='bbox 640 3228 708 3301; x_wconf 85' lang='lat' dir='ltr'>AB</span> <span class='ocrx_word' id='word_1_173' title='bbox 727 3228 775 3303; x_wconf 93' lang='lat' dir='ltr'>ad</span> <span class='ocrx_word' id='word_1_174' title='bbox 793 3227 871 3319; x_wconf 79' lang='lat' dir='ltr'>Ae,</span> <span class='ocrx_word' id='word_1_175' title='bbox 888 3228 949 3301; x_wconf 90' lang='lat' dir='ltr'>vel</span> <span class='ocrx_word' id='word_1_176' title='bbox 969 3228 1042 3303; x_wconf 88' lang='lat' dir='ltr'>AD</span> <span class='ocrx_word' id='word_1_177' title='bbox 1061 3230 1109 3304; x_wconf 90' lang='lat' dir='ltr'>ad</span> <span class='ocrx_word' id='word_1_178' title='bbox 1128 3228 1207 3318; x_wconf 89' lang='grc' dir='ltr'>ΑΕ,</span> <span class='ocrx_word' id='word_1_179' title='bbox 1218 3226 1265 3301; x_wconf 85' lang='lat' dir='ltr'>vel</span> 
     </span>
     <span class='ocr_line' id='line_1_24' title="bbox 231 3339 1264 3431; baseline -0.002 -16"><span class='ocrx_word' id='word_1_180' title='bbox 231 3343 450 3417; x_wconf 85' lang='lat' dir='ltr'>differentiae</span> <span class='ocrx_word' id='word_1_181' title='bbox 476 3341 544 3416; x_wconf 90' lang='lat' dir='ltr'>DB</span> <span class='ocrx_word' id='word_1_182' title='bbox 569 3341 617 3414; x_wconf 88' lang='lat' dir='ltr'>ad</span> <span class='ocrx_word' id='word_1_183' title='bbox 644 3340 888 3415; x_wconf 85' lang='lat' dir='ltr'>differentiam</span> <span class='ocrx_word' id='word_1_184' title='bbox 911 3339 989 3431; x_wconf 86' lang='lat' dir='ltr'>EC,</span> <span class='ocrx_word' id='word_1_185' title='bbox 1007 3343 1087 3416; x_wconf 86' lang='lat' dir='ltr'>sive</span> <span class='ocrx_word' id='word_1_186' title='bbox 1118 3343 1157 3416; x_wconf 91' lang='lat' dir='ltr'>in</span> <span class='ocrx_word' id='word_1_187' title='bbox 1183 3365 1264 3416; x_wconf 89' lang='lat' dir='ltr'>eom·</span> 
     </span>
     <span class='ocr_line' id='line_1_25' title="bbox 230 3454 1148 3530; baseline 0.002 -2"><span class='ocrx_word' id='word_1_188' title='bbox 230 3456 536 3530; x_wconf 88' lang='lat' dir='ltr'>mensurabilibus</span> <span class='ocrx_word' id='word_1_189' title='bbox 553 3454 629 3528; x_wconf 87' lang='lat' dir='ltr'>sive</span> <span class='ocrx_word' id='word_1_190' title='bbox 646 3454 684 3526; x_wconf 91' lang='lat' dir='ltr'>in</span> <span class='ocrx_word' id='word_1_191' title='bbox 702 3454 1148 3530; x_wconf 85' lang='lat' dir='ltr'>incommensurabilibus.</span> 
     </span>
    </p>

    <p class='ocr_par' dir='ltr' id='par_1_7' title="bbox 224 3566 1268 4117">
     <span class='ocr_line' id='line_1_26' title="bbox 283 3566 1266 3666; baseline -0.003 -23"><span class='ocrx_word' id='word_1_192' title='bbox 283 3569 409 3643; x_wconf 79' lang='lat' dir='ltr'>Quare</span> <span class='ocrx_word' id='word_1_193' title='bbox 431 3568 597 3642; x_wconf 76' lang='lat' dir='ltr'>rationes</span> <span class='ocrx_word' id='word_1_194' title='bbox 624 3566 773 3640; x_wconf 81' lang='lat' dir='ltr'>eoadem</span> <span class='ocrx_word' id='word_1_195' title='bbox 800 3567 935 3641; x_wconf 87' lang='lat' dir='ltr'>definio</span> <span class='ocrx_word' id='word_1_196' title='bbox 961 3590 1044 3640; x_wconf 89' lang='lat' dir='ltr'>esse</span> <span class='ocrx_word' id='word_1_197' title='bbox 1070 3568 1172 3659; x_wconf 73' lang='lat' dir='ltr'>illos,</span> <span class='ocrx_word' id='word_1_198' title='bbox 1189 3586 1266 3666; x_wconf 79' lang='lat' dir='ltr'>quet</span> 
     </span>
     <span class='ocr_line' id='line_1_27' title="bbox 232 3677 1267 3779; baseline -0.004 -26"><span class='ocrx_word' id='word_1_199' title='bbox 232 3682 388 3779; x_wconf 69' lang='lat' dir='ltr'>exponit</span> <span class='ocrx_word' id='word_1_200' title='bbox 414 3681 452 3753; x_wconf 81' lang='lat' dir='ltr'>r&#39;rr</span> <span class='ocrx_word' id='word_1_201' title='bbox 479 3679 623 3753; x_wconf 73' lang='lat' dir='ltr'>duobus</span> <span class='ocrx_word' id='word_1_202' title='bbox 639 3680 754 3753; x_wconf 84' lang='lat' dir='ltr'>rectia</span> <span class='ocrx_word' id='word_1_203' title='bbox 771 3690 891 3753; x_wconf 87' lang='lat' dir='ltr'>motua</span> <span class='ocrx_word' id='word_1_204' title='bbox 907 3679 1110 3777; x_wconf 59' lang='lat' dir='ltr'>unfformia</span> <span class='ocrx_word' id='word_1_205' title='bbox 1128 3677 1267 3779; x_wconf 68' lang='lat' dir='ltr'>oequol‘u</span> 
     </span>
     <span class='ocr_line' id='line_1_28' title="bbox 233 3791 1268 3891; baseline 0 -26"><span class='ocrx_word' id='word_1_206' title='bbox 233 3792 300 3866; x_wconf 79' lang='lat' dir='ltr'>drea</span> <span class='ocrx_word' id='word_1_207' title='bbox 319 3792 545 3891; x_wconf 79' lang='lat' dir='ltr'>temporibus</span> <span class='ocrx_word' id='word_1_208' title='bbox 556 3820 570 3866; x_wconf 91' lang='lat'>.·</span> <span class='ocrx_word' id='word_1_209' title='bbox 587 3791 646 3865; x_wconf 86' lang='lat' dir='ltr'>vel</span> <span class='ocrx_word' id='word_1_210' title='bbox 663 3793 915 3879; x_wconf 86' lang='lat' dir='ltr'>universalius,</span> <span class='ocrx_word' id='word_1_211' title='bbox 931 3792 970 3865; x_wconf 79' lang='lat' dir='ltr'>iu</span> <span class='ocrx_word' id='word_1_212' title='bbox 987 3792 1121 3867; x_wconf 80' lang='lat' dir='ltr'>eade-m</span> <span class='ocrx_word' id='word_1_213' title='bbox 1135 3793 1268 3868; x_wconf 81' lang='lat' dir='ltr'>ratione</span> 
     </span>
     <span class='ocr_line' id='line_1_29' title="bbox 231 3904 1267 4005; baseline 0.001 -27"><span class='ocrx_word' id='word_1_214' title='bbox 231 3915 329 3995; x_wconf 83' lang='lat' dir='ltr'>aunt,</span> <span class='ocrx_word' id='word_1_215' title='bbox 350 3931 427 4003; x_wconf 77' lang='lat' dir='ltr'>pue</span> <span class='ocrx_word' id='word_1_216' title='bbox 444 3904 741 3979; x_wconf 80' lang='lat' dir='ltr'>determinantur</span> <span class='ocrx_word' id='word_1_217' title='bbox 764 3930 789 3977; x_wconf 85' lang='lat' dir='ltr'><em>a</em></span> <span class='ocrx_word' id='word_1_218' title='bbox 811 3928 927 3977; x_wconf 79' lang='lat' dir='ltr'>cauea</span> <span class='ocrx_word' id='word_1_219' title='bbox 945 3929 1170 4005; x_wconf 82' lang='lat' dir='ltr'>quacunque</span> <span class='ocrx_word' id='word_1_220' title='bbox 1191 3914 1267 3979; x_wconf 69' lang='lat' dir='ltr'>teu</span> 
     </span>
     <span class='ocr_line' id='line_1_30' title="bbox 224 4016 993 4117; baseline -0.001 -26"><span class='ocrx_word' id='word_1_221' title='bbox 224 4018 384 4117; x_wconf 76' lang='lat' dir='ltr'>poribus</span> <span class='ocrx_word' id='word_1_222' title='bbox 403 4016 610 4116; x_wconf 77' lang='lat' dir='ltr'>equalibus</span> <span class='ocrx_word' id='word_1_223' title='bbox 627 4017 788 4115; x_wconf 72' lang='lat' dir='ltr'>(equatio</span> <span class='ocrx_word' id='word_1_224' title='bbox 801 4017 993 4113; x_wconf 82' lang='lat' dir='ltr'>efficiente.</span> 
     </span>
    </p>

    <p class='ocr_par' dir='ltr' id='par_1_8' title="bbox 229 4128 1268 4684">
     <span class='ocr_line' id='line_1_31' title="bbox 282 4128 1268 4228; baseline -0.005 -22"><span class='ocrx_word' id='word_1_225' title='bbox 282 4132 326 4206; x_wconf 93' lang='lat' dir='ltr'>ln</span> <span class='ocrx_word' id='word_1_226' title='bbox 344 4132 472 4205; x_wconf 87' lang='lat' dir='ltr'>eadem</span> <span class='ocrx_word' id='word_1_227' title='bbox 490 4132 622 4227; x_wconf 83' lang='lat' dir='ltr'>figura,</span> <span class='ocrx_word' id='word_1_228' title='bbox 641 4131 671 4203; x_wconf 92' lang='lat' dir='ltr'>si</span> <span class='ocrx_word' id='word_1_229' title='bbox 685 4132 865 4228; x_wconf 87' lang='lat' dir='ltr'>jungatur</span> <span class='ocrx_word' id='word_1_230' title='bbox 883 4128 958 4219; x_wconf 84' lang='lat' dir='ltr'>BC,</span> <span class='ocrx_word' id='word_1_231' title='bbox 977 4144 1018 4205; x_wconf 87' lang='lat' dir='ltr'>et</span> <span class='ocrx_word' id='word_1_232' title='bbox 1046 4131 1203 4206; x_wconf 87' lang='lat' dir='ltr'>dueatur</span> <span class='ocrx_word' id='word_1_233' title='bbox 1214 4129 1268 4205; x_wconf 78' lang='lat' dir='ltr'>DF</span> 
     </span>
     <span class='ocr_line' id='line_1_32' title="bbox 229 4241 1268 4342; baseline -0.004 -23"><span class='ocrx_word' id='word_1_234' title='bbox 229 4245 405 4342; x_wconf 83' lang='lat' dir='ltr'>parallelo</span> <span class='ocrx_word' id='word_1_235' title='bbox 417 4245 480 4317; x_wconf 86' lang='lat' dir='ltr'>EC</span> <span class='ocrx_word' id='word_1_236' title='bbox 496 4267 625 4316; x_wconf 87' lang='lat' dir='ltr'>secans</span> <span class='ocrx_word' id='word_1_237' title='bbox 644 4243 707 4317; x_wconf 86' lang='lat' dir='ltr'>BC</span> <span class='ocrx_word' id='word_1_238' title='bbox 724 4244 762 4316; x_wconf 90' lang='lat' dir='ltr'>iu</span> <span class='ocrx_word' id='word_1_239' title='bbox 781 4244 831 4316; x_wconf 88' lang='lat' dir='ltr'>F:</span> <span class='ocrx_word' id='word_1_240' title='bbox 850 4243 921 4315; x_wconf 88' lang='lat' dir='ltr'>erit</span> <span class='ocrx_word' id='word_1_241' title='bbox 939 4243 1170 4341; x_wconf 85' lang='lat' dir='ltr'>triangulum</span> <span class='ocrx_word' id='word_1_242' title='bbox 1185 4241 1268 4318; x_wconf 86' lang='lat' dir='ltr'>BDF</span> 
     </span>
     <span class='ocr_line' id='line_1_33' title="bbox 231 4356 1268 4454; baseline -0.004 -23"><span class='ocrx_word' id='word_1_243' title='bbox 231 4360 348 4432; x_wconf 92' lang='lat' dir='ltr'>simile</span> <span class='ocrx_word' id='word_1_244' title='bbox 366 4359 436 4432; x_wconf 91' lang='lat' dir='ltr'>toti</span> <span class='ocrx_word' id='word_1_245' title='bbox 454 4356 639 4452; x_wconf 84' lang='lat' dir='ltr'>triangulo</span> <span class='ocrx_word' id='word_1_246' title='bbox 657 4357 766 4440; x_wconf 82' lang='grc' dir='ltr'>ΒΑΟ,</span> <span class='ocrx_word' id='word_1_247' title='bbox 785 4367 937 4452; x_wconf 91' lang='lat' dir='ltr'>propter</span> <span class='ocrx_word' id='word_1_248' title='bbox 953 4358 1115 4454; x_wconf 86' lang='lat' dir='ltr'>angulos</span> <span class='ocrx_word' id='word_1_249' title='bbox 1128 4359 1176 4433; x_wconf 92' lang='lat' dir='ltr'>ad</span> <span class='ocrx_word' id='word_1_250' title='bbox 1190 4360 1223 4432; x_wconf 84' lang='grc' dir='ltr'><strong>Α</strong></span> <span class='ocrx_word' id='word_1_251' title='bbox 1237 4366 1268 4429; x_wconf 90' lang='lat' dir='ltr'>et</span> 
     </span>
     <span class='ocr_line' id='line_1_34' title="bbox 233 4468 1265 4569; baseline 0 -25"><span class='ocrx_word' id='word_1_252' title='bbox 233 4472 454 4569; x_wconf 72' lang='lat' dir='ltr'>Baquates,</span> <span class='ocrx_word' id='word_1_253' title='bbox 473 4482 511 4543; x_wconf 90' lang='lat' dir='ltr'>et</span> <span class='ocrx_word' id='word_1_254' title='bbox 538 4471 715 4567; x_wconf 85' lang='lat' dir='ltr'>angulum</span> <span class='ocrx_word' id='word_1_255' title='bbox 743 4469 790 4543; x_wconf 89' lang='lat' dir='ltr'>ad</span> <span class='ocrx_word' id='word_1_256' title='bbox 815 4470 846 4543; x_wconf 95' lang='lat' dir='ltr'>B</span> <span class='ocrx_word' id='word_1_257' title='bbox 870 4493 1122 4547; x_wconf 86' lang='lat' dir='ltr'>communem.</span> <span class='ocrx_word' id='word_1_258' title='bbox 1173 4468 1265 4546; x_wconf 84' lang='lat' dir='ltr'>Simi-</span> 
     </span>
     <span class='ocr_line' id='line_1_35' title="bbox 233 4581 1264 4684; baseline 0.002 -28"><span class='ocrx_word' id='word_1_259' title='bbox 233 4584 286 4657; x_wconf 84' lang='lat' dir='ltr'>les</span> <span class='ocrx_word' id='word_1_260' title='bbox 303 4599 427 4660; x_wconf 85' lang='lat' dir='ltr'>autem</span> <span class='ocrx_word' id='word_1_261' title='bbox 444 4587 574 4681; x_wconf 87' lang='lat' dir='ltr'>figurae</span> <span class='ocrx_word' id='word_1_262' title='bbox 592 4607 665 4657; x_wconf 92' lang='lat' dir='ltr'>non</span> <span class='ocrx_word' id='word_1_263' title='bbox 684 4597 771 4658; x_wconf 89' lang='lat' dir='ltr'>sunt</span> <span class='ocrx_word' id='word_1_264' title='bbox 785 4606 867 4680; x_wconf 81' lang='lat' dir='ltr'>quae</span> <span class='ocrx_word' id='word_1_265' title='bbox 879 4581 1062 4660; x_wconf 85' lang='lat' dir='ltr'>differunt</span> <span class='ocrx_word' id='word_1_266' title='bbox 1073 4587 1157 4684; x_wconf 85' lang='lat' dir='ltr'>plus</span> <span class='ocrx_word' id='word_1_267' title='bbox 1170 4606 1264 4683; x_wconf 89' lang='lat' dir='ltr'>quan</span> 
     </span>
    </p>
   </div>
   <div class='ocr_carea' id='block_1_3' title="bbox 0 0 1336 5092">
    <p class='ocr_par' dir='ltr' id='par_1_9' title="bbox 0 0 1336 5092">
     <span class='ocr_line' id='line_1_36' title="bbox 0 0 1336 5092; baseline 0 0"><span class='ocrx_word' id='word_1_268' title='bbox 0 0 1336 5092; x_wconf 95' lang='lat' dir='ltr'> </span> 
     </span>
    </p>
   </div>
  </div>
 </body>
</html>
