2640 5092
276 631 849 684 marnnmaricmnonrnaun.
1022 620 1085 684 151

53 802 127 874 aint
142 800 246 874 trita
273 799 447 898 Sequitur
464 799 585 896 Caput
601 799 724 887 11111111,
742 800 788 873 de
810 801 932 874 Aurea
950 800 1092 896 Regula
1124 827 1274 870 unrocus

53 913 282 1010 composita;
320 936 430 1009 qnam
463 912 583 1009 primo
622 937 689 1009 per
723 912 814 986 duas
848 913 1090 1009 operationes,
1130 909 1272 1014 „L

52 1025 185 1100 deinde
201 1049 271 1122 per
296 1025 442 1099 unicam
469 1024 636 1111 absolvit,
655 1026 720 1100 sed
749 1050 823 1099 non
851 1027 1091 1100 demonstrat.

53 1139 150 1214 Nam
166 1138 401 1212 ratiocinatio
416 1139 494 1233 ejus
511 1161 555 1210 ex
572 1161 616 1211 eo
634 1138 828 1236 dependet,
847 1140 946 1237 quod
965 1140 1093 1236 regula

53 1251 260 1348 composita
286 1275 331 1324 aa
356 1262 423 1339 est,
441 1274 524 1347 qua,
542 1250 639 1323 datis
661 1252 821 1348 quinque
850 1253 1025 1342 numeris,
1037 1253 1092 1325 in-

54 1365 200 1439 renitor
216 1374 352 1455 sextus,
370 1362 418 1437 ad
448 1387 557 1460 quem
582 1363 636 1436 ita
665 1388 704 1438 se
731 1365 866 1439 habeat
892 1365 1032 1447 tertius,
1052 1377 1093 1439 ut

54 1479 171 1552 factus
190 1502 236 1551 ex
253 1477 517 1574 compositione
530 1477 716 1550 rationum
733 1479 841 1575 primi
868 1479 917 1552 ad
943 1479 1093 1553 tertium

54 1592 122 1665 sibi
132 1591 403 1688 cognominem,
416 1603 453 1664 et
464 1590 614 1664 secundi
626 1591 673 1664 ad
687 1606 855 1687 quartam
869 1592 938 1665 sibi
950 1615 1093 1689 quoqne

55 1705 324 1802 cognominem.
377 1703 485 1776 Ratio
507 1703 605 1776 enim
634 1705 830 1779 effectuum
860 1705 1095 1802 componitur

55 1842 98 1892 ex
115 1817 321 1892 rationibus
337 1840 528 1889 causarum
547 1816 771 1913 singularum
787 1817 894 1891 unius
911 1817 958 1890 ad
969 1819 1094 1914 singu·

55 1932 107 2007 ias
121 1954 254 2006 causas
269 1929 421 2003 alterius
438 1927 601 2025 ejusdem
631 1931 777 2026 generis
798 1958 808 2020 ;
833 1941 875 2004 ut
904 1931 1094 2003 hominum

55 2044 100 2119 ad
129 2044 312 2132 homines,
333 2054 371 2118 et
401 2042 581 2115 mensium
612 2042 659 2115 ad
689 2066 842 2116 menses.
895 2043 1036 2138 Itaque,
1053 2054 1094 2116 ut

54 2156 223 2253 exemplo
241 2167 326 2229 utar
342 2155 442 2252 quod
455 2155 532 2250 ipse
546 2153 678 2243 adfert,
695 2156 730 2227 si
748 2161 771 2227 4
789 2154 994 2228 academici
1011 2156 1048 2227 in
1071 2166 1094 2228 3

56 2266 239 2344 wibre
255 2266 470 2366 expendunt
486 2275 536 2341 20
554 2265 700 2351 libram·
718 2277 807 2365 quot
825 2266 943 2340 libras
960 2291 1094 2364 expen-

55 2383 144 2456 dent
159 2381 366 2455 academici
395 2388 418 2452 6
446 2380 484 2453 in
510 2379 692 2452 mensibus
726 2390 781 2454 12.
834 2381 989 2454 Numeri
1017 2380 1096 2454 dati

54 2506 144 2568 runt
160 2495 322 2591 quinque
337 2523 347 2576 ;
365 2502 387 2564 4
403 2490 650 2576 academicus
669 2493 881 2583 academici,
900 2503 922 2566 3
940 2517 1095 2580 manses,

57 2616 102 2682 12
115 2630 273 2694 menses,
289 2605 461 2681 aolibrae.
487 2605 803 2703 Scribantnrergo
821 2605 951 2698 -ξ-,ᾗη
987 2606 1097 2681 Ratio

49 2723 129 2816 jam
147 2744 231 2816 quae
248 2719 365 2792 oritur
388 2741 434 2791 ex
458 2719 722 2814 compositione
749 2721 934 2794 rationum
951 2731 973 2793 4
993 2719 1041 2794 ad
1059 2728 1095 2809 6,

54 2851 93 2908 et
107 2846 131 2909 3
144 2835 195 2908 ad
212 2843 269 2922 12,
287 2845 344 2906 est
359 2832 454 2906 ratio
472 2840 516 2905 12
534 2832 582 2905 ud
601 2836 661 2914 72.
714 2834 838 2908 Quare
852 2846 895 2906 ut
917 2842 959 2906 12
975 2833 1022 2906 ad
1034 2838 1095 2920 72,

55 2950 108 3022 ita
124 2959 182 3020 est
198 2954 248 3020 20
264 2944 312 3018 ad
326 2946 530 3041 quaesitum.
583 2945 849 3041 Multiplicatns
864 2969 952 3041 ergo
971 2951 1018 3027 72
1030 2966 1096 3040 per

55 3070 117 3149 20,
135 3061 180 3133 fit
202 3066 320 3142 1410;
339 3058 401 3154 qui
417 3056 553 3130 divisus
571 3081 638 3153 per
656 3067 713 3145 12,
727 3057 792 3130 dat
806 3059 998 3154 quaesitum
1015 3064 1095 3130 120.

57 3174 179 3270 Caput
195 3173 245 3261 xl,
260 3171 306 3244 de
324 3171 451 3267 regula
478 3169 677 3259 societatis
692 3171 784 3244 nihil
811 3173 924 3245 habet
951 3172 987 3243 in
1006 3193 1096 3243 neu-

55 3302 154 3361 trum
170 3297 312 3383 partem
330 3283 513 3380 singulare
529 3314 539 3366 ;
566 3284 689 3380 itaque
707 3286 881 3358 transiliri
893 3295 1025 3381 potest.
1053 3284 1097 3356 In

56 3399 188 3497 Capite
215 3399 279 3484 xli,
306 3397 369 3471 ubi
398 3408 536 3470 tractat
562 3396 608 3469 de
644 3399 805 3471 numeris
832 3398 970 3487 fractis,
1005 3410 1097 3470 noto

55 3514 178 3610 primo
193 3511 274 3585 haec
291 3511 426 3592 verba;
452 3511 629 3608 supponit
646 3511 884 3585 arithmetica
908 3511 1097 3598 unitatem,

56 3627 136 3700 cicc
153 3648 271 3713 11111111,
288 3646 514 3696 numerorum
528 3623 689 3719 primum
708 3647 789 3696 erae
801 3651 815 3705 ,·
840 3623 939 3719 quod
962 3636 1017 3697 est
1033 3622 1097 3696 fal·

56 3762 151 3811 sum.
205 3735 386 3832 Supponit
402 3736 475 3808 hoc
487 3733 683 3820 Wullisim,
701 3758 776 3807 non
793 3736 967 3833 supponit
984 3735 1099 3809 arith-

58 3851 217 3933 metica;
259 3871 344 3921 nam
379 3848 559 3919 unitatem
592 3846 763 3920 Euclides
794 3873 989 3922 numerum
1019 3873 1099 3922 esse

57 3975 183 4061 negat.
236 3959 309 4035 Sed
322 3960 476 4057 quaestio
493 3960 574 4033 haec
591 3983 665 4032 non
685 3961 802 4055 magis
826 3962 872 4034 ad
896 3963 1100 4036 arithmeti-

59 4100 201 4163 corum,
220 4098 330 4170 qnam
347 4074 396 4147 ad
419 4073 519 4166 vulgi
546 4073 798 4169 cognitionem
824 4077 998 4172 pertinet.
1050 4077 1099 4148 Et

59 4188 225 4288 quidde
259 4212 304 4261 ea
330 4187 563 4261 sentiendum
594 4187 695 4276 sit‚a
721 4188 827 4261 nobis
858 4191 946 4263 satis
976 4190 1100 4284 dispu-

58 4315 177 4377 tatum
194 4315 252 4375 est
269 4325 380 4398 supra
396 4301 442 4374 ad
461 4301 581 4396 Caput
593 4301 641 4372 iv.
674 4301 855 4391 Secundo,
872 4302 984 4375 verba
998 4301 1099 4373 haec:

65 4417 184 4491 Unum
200 4413 357 4513 aliquod
378 4414 417 4488 111
435 4425 575 4512 partes
593 4413 845 4502 dirimendum,
867 4439 953 4488 cero
973 4414 1101 4512 aliquo
