2618 5092
230 655 308 724 436
371 668 427 723 nn
445 664 680 722 ιιιιιιοιιιιιι
696 664 751 721 nn
766 662 1149 719 unumunurm

47 866 107 913 m.
120 865 200 909 xm
282 829 1122 930 Numerntduodeeemniiugommfionm
1130 828 1274 929 Papum

47 996 157 1056 m
47 932 195 1039 Ἴ
233 972 393 1047 quorum
410 946 485 1022 dno
502 946 741 1022 considerat
729 970 772 1021 m
786 944 1073 1021 Commentario
1081 942 1135 1019 ad
1148 942 1229 1019 Dei.
1243 950 1274 1017 6.

47 1063 206 1121 *¹¹⁰⁴*
232 1063 350 1139 Elem
367 1086 404 1152 v,
417 1060 585 1135 Cluvius.
600 1058 788 1151 nimirum,
799 1055 1275 1145 mtionemnfithmefim.

47 1124 165 1173 1120va

233 1188 275 1251 et
305 1175 490 1251 rationem
518 1173 773 1249 harmonieum
805 1172 883 1249 siue
915 1172 1117 1249 munierim-
1164 1170 1275 1269 Atqu

233 1288 477 1364 arithmetieoe
498 1286 648 1384 quidem
675 1286 768 1363 tatia
789 1287 886 1379 bene
911 1286 1096 1363 eonvenit
1121 1284 1275 1361 domito

233 1401 389 1485 rationis
406 1399 547 1475 tradita
562 1401 610 1475 ab
626 1399 794 1475 Euclide.
842 1398 945 1475 Nem
960 1398 1194 1499 quantitates
1204 1396 1276 1473 dnn

235 1538 393 1613 quarum
409 1538 486 1588 una
509 1513 668 1588 alteram
693 1524 846 1611 superet
872 1514 1089 1611 quantitate
1114 1510 1276 1587 determi-

235 1638 336 1718 nete,
352 1627 493 1702 habent
508 1626 607 1701 inter
621 1650 662 1701 ee
678 1624 935 1701 habitudinem
951 1624 1146 1725 quandum
1161 1648 1274 1699 seeun-

237 1741 600 1839 dnmquantitatem.
639 1740 750 1815 Ratio
765 1752 891 1815 antem
907 1738 1276 1834 qunmhnrmonieen

236 1866 384 1945 vocant,
419 1868 478 1929 eet
507 1853 687 1929 habitudo
715 1853 887 1950 quaedam
919 1876 1001 1929 non
1033 1853 1193 1928 duarum
1222 1850 1276 1927 aad

237 1970 352 2051 trium
369 1967 680 2066 magnitudinum.
731 1968 789 2043 De
805 1978 964 2065 utruque
988 1966 1082 2043 sntio
1107 1966 1225 2041 multu
1244 1976 1276 2039 et

239 2082 431 2180 ingeniosa
446 2081 559 2156 hebet
576 2082 736 2156 Cluvius.
786 2080 898 2155 Ratio
915 2090 1046 2155 antem
1057 2079 1277 2155 arithmetieu

238 2195 370 2271 eodem
392 2208 462 2283 eet,
479 2217 564 2268 oum
593 2206 734 2291 quanto
759 2194 882 2291 prime
906 2206 1064 2291 superat
1091 2192 1276 2268 eeoundnu

239 2310 297 2383 vel
314 2310 361 2382 ab
378 2332 423 2382 ea
439 2318 646 2405 superatur,
662 2316 768 2381 tanto
785 2306 951 2380 secunda
966 2318 1123 2403 superat
1144 2307 1278 2381 tertium

240 2423 299 2496 vel
316 2423 364 2496 ab
382 2446 428 2495 ea
444 2431 651 2517 superatur.
704 2419 778 2494 Sed
795 2420 890 2493 ratio
913 2421 1138 2494 harmonica
1163 2419 1277 2493 eedem

240 2549 309 2622 eet,
328 2534 476 2631 quando
494 2545 669 2608 extremae
687 2547 774 2607 sunt
790 2534 890 2607 inter
912 2557 954 2607 se
970 2547 1016 2608 ut
1032 2534 1278 2607 differentiaea

241 2649 364 2722 media
380 2659 548 2744 sumptae,
567 2650 686 2744 major
712 2660 878 2721 extrema
903 2647 953 2721 ad
980 2648 1166 2744 majorem
1188 2647 1278 2720 diffe-

241 2762 413 2851 rentiam,
431 2772 469 2834 et
486 2761 607 2834 minor
623 2762 671 2834 ad
688 2761 880 2835 minorem.

292 2876 452 2948 Putasne
480 2875 519 2946 in
544 2874 627 2946 aliis
654 2874 816 2948 scientiis
834 2874 954 2969 majus
970 2887 1170 2970 peceatum
1191 2872 1280 2946 inve-

242 2990 314 3062 niri
332 3012 452 3086 posse,
471 3012 581 3084 quam
598 2999 656 3060 est
673 2987 711 3060 in
728 2986 932 3083 geometria
949 3010 1028 3059 non
1051 3000 1155 3061 recte
1178 2986 1282 3082 expli·

242 3127 344 3177 casse
386 3101 477 3198 quid
519 3101 566 3174 sit
603 3100 724 3175 ratio?
808 3100 901 3175 Quis
945 3101 1109 3198 scriptor
1151 3100 1283 3174 ethicus

242 3241 330 3290 usus
358 3230 414 3290 est
441 3216 656 3288 definitione
682 3213 768 3287 boni
795 3237 872 3287 non
900 3214 1014 3304 bona,
1037 3215 1099 3287 vel
1120 3213 1284 3311 politicus

244 3330 456 3403 definitione
465 3329 569 3426 juris
586 3328 744 3402 vitiosa?
796 3330 973 3402 Attamen
992 3328 1161 3424 ejusdem
1183 3340 1237 3401 est
1251 3327 1285 3399 in

243 3444 450 3539 geometria
466 3444 642 3516 momenti
666 3442 831 3516 definitio
858 3443 1016 3516 rationis
1043 3446 1152 3539 cujus
1175 3454 1231 3514 est
1251 3441 1286 3512 in

245 3556 414 3630 doctrina
427 3557 549 3630 ethica
563 3556 729 3629 definitio
744 3555 840 3645 boni,
854 3567 892 3629 et
909 3556 949 3627 in
961 3555 1119 3652 politica
1130 3554 1286 3629 definitio

236 3670 370 3764 juria!

296 3782 451 3870 Deinde,
469 3781 570 3878 quod
593 3782 683 3856 dicit
707 3781 866 3870 ClaviuS,
883 3782 1169 3879 proportionem
1196 3781 1289 3854 illam

246 3898 286 3969 in
308 3896 426 3969 tribus
449 3897 623 3986 numeris,
650 3897 714 3969 ubi
739 3896 857 3991 major
882 3907 1137 3968 extremorum
1166 3891 1290 3968 estad

248 4012 429 4084 minorem
446 4023 489 4083 ut
513 4009 720 4083 differentia
744 4008 894 4104 majoris
911 4020 951 4081 et
975 4008 1093 4083 medii
1120 4010 1168 4083 ad
1196 4008 1291 4081 diffe-

246 4124 403 4198 rentiam
422 4122 534 4195 medii
552 4134 590 4195 et
602 4123 766 4211 minoris,
786 4144 864 4195 esse
875 4121 1056 4194 musicam
1071 4146 1139 4196 seu
1155 4122 1290 4196 harmo

247 4238 387 4311 nicam:
413 4248 551 4309 temere
570 4235 797 4308 dictumest.
832 4234 914 4306 “ln
932 4233 1029 4323 his‘'‚
1046 4234 1182 4333 inquit,
1199 4242 1290 4306 “nn-

246 4351 358 4424 meris
380 4359 415 4424 6.
433 4360 469 4422 4.
482 4359 517 4437 3,
537 4361 592 4421 est
615 4360 657 4422 ut
679 4346 770 4421 ead
787 4358 823 4436 3,
840 4347 893 4420 itu
911 4356 948 4434 2,
967 4346 1183 4423 differentia
1208 4349 1291 4421 duo

247 4488 330 4535 rum
348 4467 541 4560 majorum,
552 4463 600 4535 ud
619 4472 649 4549 l,
665 4461 911 4535 differentiam
924 4459 1089 4535 duorum
1102 4463 1289 4537 minorum.

250 4576 435 4651 Quoniam
464 4591 588 4650 autem
606 4584 630 4647 6
648 4587 687 4648 et
704 4585 727 4649 3
745 4575 887 4649 faciunt
907 4578 1195 4653 consonantium
1222 4575 1290 4648 din
