2618 5092
218 662 292 728 268
538 678 590 730 on
611 678 784 733 narona
801 678 940 733 anais.

217 847 281 933 ris,
299 845 398 941 qnod
415 870 481 942 per
498 870 728 945 consequens
748 848 861 922 etiam
879 858 1076 923 sustentat
1125 844 1234 923 Sodne

219 960 384 1055 ejusdem
419 962 612 1035 marmoris
645 962 877 1058 superficiem
914 974 1064 1059 premat
1100 960 1235 1059 ejusden

218 1074 398 1147 colnmnae
414 1073 595 1148 directum
611 1074 769 1171 pondus,
782 1075 954 1171 prohibet
971 1098 1134 1149 marmor
1152 1096 1235 1171 supt-

218 1186 294 1258 rins
312 1187 539 1282 contiguum.
592 1186 782 1283 Siquidem
799 1210 889 1283 ergo
912 1187 977 1261 illa
999 1210 1179 1261 marmora
1197 1186 1235 1259 sit

218 1300 442 1372 cohaerentia
465 1301 735 1375 transferantur
765 1301 805 1375 in
832 1300 1028 1397 recipiens,
1054 1312 1161 1399 atque
1182 1298 1236 1373 illic

218 1412 499 1507 suspendantur,
513 1428 648 1487 exnoto
664 1424 786 1487 antem
808 1436 895 1487 aere
924 1436 1087 1487 marmor
1114 1411 1237 1487 inferint
1284 1498 1286 1503 ¹

218 1549 303 1596 cum
315 1526 501 1618 superiore
515 1526 702 1600 oohaerere
716 1525 872 1614 desinat,
883 1525 1047 1599 dubitari
1059 1549 1134 1599 non
1142 1532 1237 1623 poteo

219 1640 308 1735 quin
342 1662 453 1711 causa
482 1640 668 1735 assignata
702 1663 790 1713 vera
819 1639 880 1713 sit.
942 1640 991 1713 Et
1021 1636 1237 1713 translatain

217 1752 398 1847 recipiens
422 1752 537 1842 fuere,
555 1752 621 1827 sed
637 1755 716 1827 sine
734 1776 908 1827 successu
936 1764 1145 1848 expectato.
1189 1748 1238 1825 Ni·

218 1866 294 1938 hilo
321 1867 419 1938 enim
449 1868 566 1964 magis
596 1867 786 1941 desierunt
813 1868 1025 1941 cohaerere:
1051 1866 1158 1955 forte,
1173 1862 1237 1963 quit

218 2003 292 2052 non
311 1980 399 2052 satis
417 1979 512 2053 bene
530 1991 702 2077 coaptata
717 1980 875 2055 fuerant

269 2094 318 2165 A.
345 2093 437 2181 Imo,
457 2093 542 2189 qnia
558 2095 651 2168 nihil
668 2094 753 2168 istic
771 2107 851 2167 erat
868 2093 968 2190 qnod
984 2105 1115 2190 ageret
1130 2104 1239 2167 anor

217 2206 520 2302 phaeraepondus.
557 2208 819 2304 Experimento
835 2208 906 2281 hoc
919 2206 1126 2302 excogitari
1135 2216 1240 2279 contra

218 2320 428 2414 opinionem
458 2344 598 2408 eorum,
617 2321 680 2417 qui
698 2345 854 2394 vacuum
882 2334 1066 2408 asserunt,
1084 2318 1180 2392 alind
1198 2339 1240 2389 ar-

216 2446 434 2528 gumentum
451 2435 583 2506 fortius
598 2449 663 2507 ant
676 2435 882 2507 evidentius
897 2458 970 2507 non
990 2434 1125 2531 potnit.
1166 2430 1242 2505 Nan

219 2548 249 2618 si
268 2546 425 2618 duorum
442 2548 706 2620 cohaerentium
725 2548 943 2621 alterutrum
962 2545 1164 2619 secundum
1181 2564 1243 2616 eam

218 2660 327 2746 viam,
345 2659 383 2730 in
402 2683 475 2754 qua
489 2660 615 2754 jacent
632 2663 721 2756 ipsae
740 2661 924 2755 contiguae
941 2660 1164 2755 superficies,
1180 2678 1245 2753 pro

217 2771 363 2866 pulsum
392 2784 500 2859 esset,
519 2771 626 2844 facile
645 2783 918 2868 separarentur,
937 2794 1023 2844 aere
1039 2771 1202 2867 proximo
1216 2766 1245 2838 in

216 2882 339 2956 locum
358 2884 528 2956 relictum
552 2885 754 2958 successive
780 2908 922 2980 semper
948 2884 1141 2957 influente.
1189 2877 1246 2955 Sed

215 2997 279 3069 illa
296 2998 349 3069 ita
370 2997 554 3085 divellere,
577 3010 619 3070 ut
650 2998 757 3070 simul
785 3009 906 3071 totum
933 2998 1150 3070 amitterent
1177 3018 1248 3068 con-

216 3123 369 3198 tactum,
383 3111 606 3206 impossibile
621 3124 716 3185 esset
735 3111 873 3183 mundo
890 3111 1013 3207 pleno.
1066 3111 1249 3207 Oporteret

216 3225 313 3295 enim
331 3238 396 3297 aut
414 3237 555 3296 motum
578 3225 659 3297 fieri
684 3226 730 3297 ab
756 3249 831 3297 nuo
852 3224 1011 3297 termino
1029 3222 1078 3296 ad
1097 3224 1203 3297 alium
1219 3220 1250 3292 in

215 3338 389 3422 instante,
403 3350 467 3409 aut
485 3337 558 3409 duo
577 3362 732 3433 corpora
746 3337 876 3409 eodem
895 3349 1062 3432 tempore
1081 3338 1120 3409 in
1139 3335 1251 3408 eodem

217 3474 294 3522 esse
312 3451 417 3533 loco;
446 3474 601 3545 quornm
630 3449 809 3522 utrumvis
831 3449 952 3522 dicere
979 3462 1036 3522 est
1054 3449 1251 3522 absurdum.

218 3563 377 3635 Causam
407 3577 530 3635 autem
551 3587 660 3658 quam
691 3564 892 3658 assignant,
917 3561 1008 3633 vide'
1032 3576 1126 3658 quot
1153 3583 1253 3659 quan·

215 3675 335 3770 tisqne
361 3676 602 3749 incommodis
630 3676 783 3748 laboret.
835 3674 882 3747 Et
907 3674 1029 3770 primo
1059 3675 1253 3748 columnam

215 3789 316 3860 illam
343 3789 673 3884 atmosphaericam,
693 3812 803 3884 quam
832 3788 1040 3880 superficiei
1069 3786 1254 3885 superioris

216 3901 409 3973 marmoris
428 3901 536 3974 inniti
554 3902 695 3990 volunt,
714 3926 795 3997 (111ae
813 3911 1029 3995 sequuntur.
1082 3902 1254 3975 Confiten-

217 4028 278 4087 tur
296 4015 394 4086 enim
411 4027 490 4087 tum
508 4016 590 4110 ipsi,
619 4030 698 4088 tum
719 4015 781 4087 alii
799 4037 938 4101 omneS,
956 4013 1252 4109 ponderationem

216 4152 363 4201 omnem
378 4140 551 4201 conatum
569 4152 648 4201 esse
665 4152 731 4224 per
748 4128 864 4199 lineas
882 4138 1002 4199 rectas
1021 4126 1252 4223 undequaque

216 4241 264 4315 ad
288 4253 454 4314 centrum
475 4254 582 4314 terrae
599 4274 607 4325 ;
635 4253 672 4314 et
698 4239 865 4336 proinde,
883 4262 957 4311 non
975 4263 1044 4335 per
1060 4239 1252 4338 cylindrum

216 4355 273 4426 vel
292 4355 500 4428 columnam
519 4355 610 4442 fieri,
632 4353 694 4426 sed
714 4377 780 4448 per
797 4351 1039 4448 pyramidem,
1063 4355 1169 4450 cujus
1184 4371 1252 4423 rer-

216 4478 279 4539 tex
307 4481 362 4542 est
389 4481 557 4540 centrum
586 4480 720 4550 terrae3
748 4466 857 4552 basia,
875 4487 960 4560 pars
986 4466 1192 4562 superficiei
1205 4474 1249 4534 at

216 4582 444 4677 mosphaerae.
496 4582 627 4676 Itaque
646 4582 675 4653 si
694 4578 854 4676 pyramis
872 4577 935 4650 illo
947 4592 1096 4654 secetur
1112 4605 1135 4654 a
1149 4578 1249 4653 cota»
