2618 5092
19 610 21 757 ἰ
265 651 582 707 narnanarrca
602 655 846 708 naumann.
1017 637 1086 716 157

19 852 21 889 !
79 843 158 916 quam
187 819 395 895 duodecem
430 821 596 895 inseruit.
659 822 842 918 Deinceps
876 831 1000 894 autem
1029 844 1085 892 re·
1121 845 1253 887 arumna

77 943 227 1029 sumptam
252 933 410 1007 eandem
435 934 680 1030 aequationem
702 948 813 1009 vexat
837 934 986 1022 frustra,
1016 957 1086 1007 nec
1126 927 1253 1029 ,¹12-

79 1045 245 1142 quidquam
262 1046 386 1120 adhuc
404 1047 495 1120 certi
513 1047 638 1144 prodit
655 1049 821 1121 Proteus.

110 1157 150 1231 B.
171 1159 415 1232 Transeamus
442 1182 530 1255 ergo
560 1159 609 1233 ad
632 1183 676 1233 ea
709 1183 791 1256 quae
818 1160 931 1233 habet
957 1169 1087 1232 contra

76 1269 310 1366 Meybomium.

108 1384 147 1458 A.
170 1384 352 1459 Praetereo
370 1384 433 1458 illa
455 1408 537 1482 quae
566 1408 612 1458 ex
635 1385 846 1481 Meybomio
868 1387 975 1459 affert
1002 1409 1087 1481 pro-

74 1497 167 1593 prium
181 1497 374 1571 inventum
394 1497 615 1583 extollente3
645 1497 747 1590 (nam
760 1509 798 1571 et
810 1498 995 1571 Wallisius
1011 1521 1087 1570 non

74 1610 168 1684 ninus
203 1610 378 1707 gloriose,
421 1622 460 1684 et
499 1611 616 1684 multo
659 1611 775 1706 magis
813 1610 1086 1698 contumeliose,

73 1723 173 1796 nubit
189 1747 300 1820 quam
318 1723 591 1820 Meybomius);
618 1735 655 1797 et
672 1723 776 1812 illud,
793 1724 893 1819 quod
905 1748 980 1797 non
999 1724 1088 1797 satis

73 1833 248 1933 tatingum
273 1835 507 1933 Meybomius
537 1837 690 1910 intera
717 1851 773 1909 ἀπὸ
797 1848 835 1910 et
856 1851 887 1909 ru
901 1850 975 1909 ant:
1001 1838 1088 1933 quia

72 1968 204 2044 propero
235 1947 287 2022 ad
314 1972 360 2023 ea
388 1972 471 2045 quae
499 1949 629 2022 scribit
654 1948 701 2022 dc
730 1961 863 2023 natura
893 1950 1087 2022 rationum.

73 2058 209 2134 limam
237 2061 353 2158 igitur
394 2060 495 2159 quod
534 2060 771 2158 reprehendit
801 2061 998 2152 Wallisius,
1033 2073 1089 2135 est

73 2173 150 2270 quod
165 2174 327 2248 Euclidis
340 2174 431 2248 illud
445 2175 484 2248 in
497 2175 711 2248 definitione
727 2175 891 2263 rationis,
905 2193 969 2247 wa
980 2192 1088 2269 σχέσις,

72 2287 161 2361 rerdt
182 2312 248 2385 per
270 2297 376 2362 carta
399 2288 564 2385 quaedam
589 2288 739 2377 relatio,
763 2300 961 2384 propterea
991 2289 1089 2383 quod

72 2410 133 2471 nutv
155 2399 375 2498 qualitatem
404 2400 575 2499 respicit.
641 2401 680 2474 si
711 2400 800 2496 quid
825 2401 992 2499 peccavit
1018 2402 1089 2476 hoc

73 2511 135 2589 loca
156 2517 400 2615 Meybomius,
428 2530 620 2614 peccatum
652 2519 833 2614 estquod
860 2518 964 2608 illud,
991 2519 1090 2614 quod

73 2623 222 2704 Euclides
251 2630 543 2726 insignificanter
571 2630 724 2720 dixerat,
752 2631 791 2705 id
820 2631 938 2706 voluit
967 2632 1090 2707 dicere

72 2743 265 2817 accuratius.
322 2742 495 2816 Verterat
519 2742 705 2817 Wallisius
727 2743 976 2818 habitudinem
1003 2771 1090 2843 qua

73 2848 245 2946 litaticam,
263 2879 474 2953 quanquam
509 2855 738 2954 qualitativa
763 2882 833 2932 vox
858 2858 989 2931 Latina
1015 2883 1089 2933 non

72 2963 116 3055 sit,
131 2991 248 3067 neque
265 2968 516 3065 intelligibilis.
570 2968 760 3044 Habitudo
778 2982 902 3044 autem
919 2971 958 3043 in
974 2971 1091 3066 quali·

71 3079 185 3154 tatibus
198 3079 293 3155 nihil
309 3079 409 3153 aliud
427 3093 484 3154 est
501 3105 611 3176 quam
629 3082 788 3169 habitus,
801 3082 840 3156 id
853 3095 921 3172 est,
932 3082 1090 3157 facilitas

70 3194 181 3287 agendi
206 3193 470 3268 consuetudine
492 3195 687 3292 acquisita.
740 3196 836 3284 Hoc,
854 3197 1018 3292 inquam,
1037 3197 1091 3270 ita

70 3314 113 3377 est
131 3306 273 3380 latine.
324 3306 437 3402 Ergo,
455 3307 657 3381 secundum
674 3307 890 3398 Wallisium,
908 3310 1005 3383 ratio
1032 3324 1089 3385 est

68 3414 206 3493 duarum
243 3419 536 3517 magnitudinum
573 3421 879 3519 hamogenearum
918 3449 964 3497 ea
999 3450 1089 3520 qaae,

66 3532 244 3607 semaam
277 3533 528 3629 quantitatem,
553 3543 610 3607 est
625 3532 812 3630 facilitas
837 3536 979 3634 agendi
1007 3562 1091 3611 can·
1130 3621 1134 3629 ¹

65 3645 241 3719 aaran
258 3645 455 3742 acquisita.
509 3647 594 3722 Qua
615 3645 829 3721 defiuitione
857 3649 947 3744 quid
968 3664 1091 3746 potest

64 3776 130 3831 esse
152 3759 272 3856 magis
299 3759 520 3833 ridiculum?
571 3760 657 3834 Nun
678 3762 840 3858 respexit
856 3763 1027 3838 Euclides
1043 3764 1091 3838 ad

62 3870 376 3965 predicamentum
409 3872 608 3968 qualitatis,
642 3873 681 3947 in
711 3898 801 3947 voce
827 3893 902 3965 ποιὰ,
937 3878 1002 3951 sed
1044 3878 1092 3951 ad

61 4004 177 4060 rocem
194 3985 237 4059 in
260 3984 485 4059 enuntianda
511 3988 697 4060 rationum
719 3988 957 4065 similitudine
980 3993 1091 4088 vulgo

61 4100 237 4186 usitatam,
253 4108 337 4177 otrus
349 4109 419 4189 ἔχει,
438 4100 533 4173 utin
551 4100 842 4196 praecedentibus
859 4106 1091 4187 notavimus;

58 4222 159 4310 atque
186 4211 274 4287 iude
301 4211 431 4287 definit
457 4214 636 4287 rationem
659 4239 725 4311 per
743 4215 899 4313 aliquem
916 4218 1091 4304 traditam,

58 4346 127 4416 seu,
143 4325 247 4423 quod
263 4325 430 4399 hocloco
444 4324 542 4399 idem
556 4339 622 4416 est,
634 4328 880 4424 perhabitum
895 4328 1090 4425 quendam,

59 4436 237 4531 (subaudi,
256 4438 378 4512 nescio
396 4440 536 4534 quem).
588 4440 741 4514 Rectius
758 4464 846 4536 ergo
860 4440 1092 4537 Meybomius

57 4553 235 4629 rationem
269 4550 437 4627 definivit
467 4576 577 4649 quam
608 4565 673 4627 aut
701 4553 887 4627 Wallisius
917 4566 982 4627 aut
1015 4553 1093 4650 ipse
