2618 5092
227 1259 319 1310 VIRO
340 1259 554 1312 cunmssluo
575 1262 622 1312 ΕΤ
644 1264 856 1316 nnssclssluo

166 1442 488 1529 SAMUELI
553 1443 908 1530 SORBERIO

332 1675 537 1744 THOMAS
559 1676 750 1746 HOBBES

500 1856 576 1908 S.D.

41 2242 89 2294 tn
100 2219 211 2294 varia
227 2218 389 2293 ludentis
406 2219 789 2314 naturae'spectaoula²
804 2218 1013 2293 doctissime
1028 2222 1114 2294 Sor-

41 2394 47 2425 ,
78 2363 166 2436 quae
196 2361 265 2434 per
296 2338 476 2434 sphaeram
511 2337 668 2410 vitream
708 2361 909 2410 concavam
949 2339 1116 2412 exhibuit

41 2480 75 2531 er
91 2457 153 2529 vir
173 2478 312 2552 genere
336 2466 374 2530 et
389 2455 539 2551 ingenio
563 2454 697 2528 nobilis
725 2455 765 2527 in
784 2455 984 2530 Academia
1017 2457 1116 2530 Lon-

41 2575 115 2663 nsi,
145 2573 211 2647 illa
236 2574 278 2646 in
304 2573 431 2670 primis
449 2572 662 2667 cognitione
687 2586 753 2646 tua
778 2572 892 2669 digna
918 2587 1005 2647 sunt
1033 2599 1116 2671 qaeu

41 2691 148 2764 inent
165 2690 216 2763 ad
233 2701 404 2764 naturam
422 2690 542 2774 aeris;
562 2689 727 2785 adeoque
745 2689 793 2763 ad
810 2702 927 2763 artem
946 2702 1061 2781 tuam,
1075 2692 1113 2765 in

51 2809 218 2897 excellis,
242 2808 330 2881 vitae
363 2808 547 2896 humanae,
585 2820 765 2903 quantum
798 2808 940 2905 patitur
969 2821 1115 2897 natura,

41 2926 234 3000 narrandae.
289 2924 599 3022 Sphaeramhanc
627 2946 814 2997 unacum
842 2934 923 2997 toto
944 2925 1116 2998 machina
1189 2907 1191 2914 ¹

41 3066 82 3117 su
105 3045 188 3140 ejus
215 3043 255 3115 iu
285 3041 431 3138 dialogo
455 3052 645 3138 sequente,
667 3055 846 3137 quantum
871 3041 949 3113 sine
970 3041 1116 3137 pictura

41 3161 73 3251 ri,
97 3159 290 3256 descripsi.
349 3161 452 3232 Inter
473 3159 546 3231 alia
573 3170 698 3231 autem
725 3159 803 3251 ejus
825 3156 1004 3230 miracula
1020 3159 1115 3231 scitu

41 3301 82 3368 ra,
97 3276 321 3351 commendo
338 3276 407 3349 tibi
436 3276 520 3365 hoc,
539 3276 683 3349 caeteris
714 3274 870 3362 omissis,
889 3297 1005 3345 unum
1029 3298 1117 3347 cou-

41 3395 219 3468 randum:
240 3393 338 3490 quod
353 3394 490 3468 animal
507 3394 546 3466 in
562 3418 606 3467 eo
620 3394 815 3482 inclusum,
828 3403 981 3489 propter
994 3406 1115 3465 muta-

42 3533 98 3584 em
109 3509 299 3608 quandam
309 3511 405 3583 aeris
415 3511 454 3583 in
465 3511 611 3607 sphaera
620 3511 659 3583 in
671 3535 744 3608 qua
753 3509 956 3583 includitur
964 3509 1115 3599 factam,

41 3629 67 3702 ie
100 3631 177 3704 cito
213 3630 406 3702 moriatur.
476 3629 635 3702 Causam
671 3630 802 3703 mortis
835 3629 1003 3726 plerique
1039 3653 1117 3702 esse

41 3759 98 3838 nrt,
117 3747 220 3844 qnod
247 3770 312 3820 aer
338 3748 437 3820 intra
464 3747 659 3843 sphaeram,
686 3771 759 3843 quo
788 3747 918 3820 vivunt
944 3746 1117 3819 animalia

41 3866 84 3939 ria
100 3866 237 3962 quibus
254 3877 342 3939 sunt
358 3864 564 3962 pulmoneS,
582 3875 738 3937 exuctus
755 3863 815 3935 sit.
867 3863 947 3958 Ego
971 3875 1115 3951 contra,

41 4005 80 4056 ue
104 4006 232 4058 aerem
261 3982 370 4078 exugi
393 4005 513 4079 posse,
532 4003 653 4076 neque
669 3979 852 4053 inclusum
873 3978 1023 4068 animal,
1047 3978 1115 4051 etsi

41 4112 113 4175 ctus
153 4112 265 4190 esset,
310 4111 386 4173 tam
426 4101 502 4174 cito
543 4099 767 4172 moriturum
811 4121 891 4171 esse
931 4097 1116 4170 existimo.

41 4216 69 4291 io
90 4217 256 4316 quidem,
281 4240 391 4313 quam
417 4242 516 4291 mors
548 4217 611 4290 illa
640 4216 819 4313 sequitur,
847 4214 965 4287 videri
990 4226 1116 4309 potest

45 4337 161 4411 suctio
198 4334 380 4430 quaedam,
415 4348 453 4408 et
487 4346 685 4430 propterea
719 4320 914 4404 ¹erructione
950 4327 1115 4401 conclusi

41 4477 55 4527 e
82 4453 246 4529 interfici
276 4453 423 4541 animal,
452 4452 694 4549 respiratione
722 4450 878 4535 sublata,
910 4444 967 4517 vel
1003 4444 1114 4553 etiam

43 4573 161 4671 pulsio
186 4571 284 4644 aeris
300 4571 347 4645 ab
366 4571 467 4644 omni
484 4581 591 4666 parte
609 4592 735 4642 versus
764 4579 934 4641 centrum
960 4563 1116 4659 sphaerae
