2618 5092
242 622 569 676 mannanarrcm
590 622 836 676 acarnanas.
1035 611 1077 676 15

41 793 182 867 cribere
214 792 280 865 vel
314 791 492 865 disserere
522 804 694 866 accurate
721 792 904 879 nesciunt,
934 791 1078 886 quoties
1116 817 1267 860 orsmaro

41 903 370 1001 eprehenduntur,
383 905 453 977 hac
466 903 678 978 defensione
692 905 748 978 uti
762 904 893 992 solent,
907 926 984 976 non
1001 926 1080 977 esse
1119 901 1264 1004 „L

41 1016 251 1114 itigaudum
272 1017 320 1088 de
339 1017 471 1102 verbis,
494 1016 559 1089 ubi
577 1041 636 1089 res
654 1028 824 1098 constat;
852 1038 937 1088 cum
956 1028 1081 1089 tamen

41 1131 75 1203 le
95 1129 260 1202 veritate
286 1130 342 1202 rei
364 1129 435 1202 nisi
461 1130 745 1202 accuratissimis
766 1128 887 1202 verbis
910 1141 1080 1202 constare

41 1267 105 1317 ron
120 1242 253 1340 possit.
308 1242 396 1316 Non
422 1265 546 1315 moror
569 1267 658 1340 ergo
681 1243 849 1316 homines
866 1243 948 1315 illos
965 1244 1081 1317 ambi·

41 1357 124 1430 tiose
146 1378 295 1452 graves,
321 1355 384 1450 qui
406 1355 565 1452 propriae
588 1356 782 1451 imperitiae
805 1356 960 1429 aliorum
986 1378 1080 1452 prae-

41 1469 190 1544 tendunt
210 1480 403 1560 λογομαχίαν.
457 1467 572 1541 Quasi
593 1481 659 1542 aut
679 1481 776 1542 esset
796 1467 996 1563 disputatio
1014 1469 1081 1541 ali-

41 1607 116 1680 qua,
143 1606 229 1680 quae
260 1599 428 1674 λογομαχία
457 1605 534 1654 nou
560 1594 668 1671 esset,
698 1596 764 1655 aut
785 1582 922 1654 veritas
945 1580 1080 1677 aliqua,

41 1720 114 1792 puae
139 1719 216 1768 non
245 1705 344 1767 esset
368 1694 565 1767 verborum
588 1695 736 1768 veritas.
789 1695 833 1767 ln
860 1716 1082 1789 quocunque

41 1809 146 1904 'ugitur
155 1808 265 1895 libro,
280 1805 327 1879 de
338 1829 558 1902 quacunque
569 1807 735 1897 scientia,
746 1805 960 1903 hujusmodi
970 1807 1083 1880 verba

41 1921 240 1994 inveneris:
268 1943 374 1991 mere
397 1928 435 1992 et
456 1918 536 1992 lece
551 1937 733 2011 λογομαχίας
752 1943 824 1992 aaa
833 1919 976 2017 placet,
997 1918 1082 1993 dunt

41 2033 81 2106 de
96 2056 141 2105 re
159 2038 315 2118 emutat,
334 2030 382 2103 de
393 2030 517 2103 cerlis
531 2030 715 2128 litigare:
740 2055 808 2127 pro
826 2043 929 2104 certo
946 2031 1082 2105 habeas

41 2146 252 2242 scriptorem
266 2143 370 2216 illum
386 2144 563 2233 scientiae,
577 2167 689 2241 quam
703 2155 852 2232 tractat,
870 2144 1081 2240 imperitum

41 2280 124 2348 esse,
155 2256 478 2353 ignorantiamque
507 2280 612 2329 suam
641 2257 837 2352 gravitate,
867 2268 910 2329 ut
935 2255 1082 2330 videtur

41 2370 114 2467 ipsi,
138 2366 371 2444 sententiolae
394 2369 488 2443 velle
511 2381 649 2466 tegere.
702 2370 782 2443 Nec
801 2369 996 2443 molestum
1013 2370 1082 2444 tibi

41 2485 92 2573 sit,
118 2485 151 2557 si
167 2481 358 2581 quicquid,
386 2483 462 2555 sive
487 2482 767 2556 indictionibus
788 2482 897 2578 hujus
915 2484 1081 2558 authoris

41 2597 110 2670 sive
127 2597 166 2669 in
183 2595 481 2685 ratiocinatione,
503 2605 630 2684 ἀκριβείᾳ
654 2595 781 2669 debita
797 2619 924 2670 carere
940 2597 1079 2688 videro,

41 2723 234 2783 notaverat
283 2731 328 2781 ea
364 2708 495 2781 saltem
528 2707 622 2802 lege,
662 2707 694 2781 si
727 2708 915 2803 quomodo
951 2709 1080 2784 eadem

41 2833 153 2911 ὶφιβᾶς
170 2821 399 2894 enuntianda
415 2832 515 2908 sunt,
532 2819 640 2892 simul
658 2819 831 2894 docuero.

82 2934 133 3008 B.
160 2935 249 3008 Non
267 2935 434 3030 iniquum
448 2932 623 3031 postulas.

81 3047 131 3120 Α.
158 3048 356 3136 Praeterea,
383 3047 421 3120 in
438 3044 669 3143 philologicis
687 3046 771 3135 illis,
792 3060 836 3120 ut
852 3060 973 3138 vocat,
991 3073 1080 3122 con-

41 3161 219 3251 dimentis,
245 3161 393 3257 postulo
418 3173 461 3233 ut
487 3159 597 3232 liceat
622 3159 713 3231 mihi
738 3161 963 3257 conjecturis
981 3161 1080 3235 illius

41 3299 219 3374 apponere
236 3273 469 3370 conjecturas
486 3295 601 3347 meas.

79 3387 129 3463 B.
156 3388 290 3485 Neque
308 3387 379 3461 hoc
397 3388 565 3483 iniquum
584 3399 651 3460 est.

79 3500 128 3574 A.
155 3499 376 3574 Inscribitur
389 3511 502 3597 caput
514 3499 674 3596 primum
691 3500 752 3572 De
769 3499 940 3574 Metheei
956 3501 996 3574 iu
1010 3526 1096 3600 ge»

41 3639 132 3702 uere,
159 3623 198 3687 et
225 3613 273 3687 de
293 3611 435 3708 objecto
460 3622 498 3685 et
521 3610 779 3686 distributione
801 3615 894 3709 ejus.
945 3614 1080 3689 Videa-

41 3751 113 3802 mus
143 3752 236 3824 ergo
267 3750 376 3823 quam
407 3709 454 3800 sit
478 3726 984 3827 accuratum-Disciplina
1002 3752 1080 3802 ma-

41 3840 245 3916 rtemaitcoe
279 3840 453 3913 dicuntur
485 3862 609 3912 omnes
643 3837 721 3911 ille
752 3839 831 3912 siue
864 3849 968 3913 artes
1002 3842 1080 3914 aiae

41 3954 216 4043 seientia,
245 3978 326 4051 que
356 3953 461 4025 eirca
487 3951 735 4050 quantitatem
753 3952 948 4049 peculiari
973 3955 1079 4027 nwdo

41 4076 243 4156 mouetur,
266 4065 344 4138 sive
366 4065 575 4138 amitinuam
603 4064 680 4137 sioe
708 4065 1078 4141 discretum—Tune

41 4181 287 4255 definitionem
305 4178 401 4251 hanc
419 4201 547 4251 censes
566 4201 645 4251 esse
663 4179 903 4252 accuratam?

83 4295 133 4368 B.
159 4295 240 4388 Ego
253 4315 341 4365 vero
355 4293 453 4365 satis.
490 4292 570 4364 Etsi
582 4315 653 4364 vox
667 4291 742 4380 illa,
753 4291 947 4390 peculiari
959 4290 1077 4381 moda,

41 4408 166 4482 nisiex
183 4407 421 4504 sequentibus
439 4429 514 4478 non
532 4405 639 4478 facile
656 4406 886 4502 intelligitur.

85 4520 129 4594 A.
155 4522 309 4617 Expone
326 4544 415 4616 ergo
434 4521 547 4593 verba
562 4519 626 4592 illa
643 4543 689 4592 ex
703 4518 950 4614 sequentibus.
