2618 5092
159 1223 587 1309 PROBLEMATA
631 1222 912 1308 PHYSICA.

226 1813 505 1866 PROBLEMATA
525 1815 579 1866 DE
600 1815 849 1868 cntvlrtun.

80 1937 117 2013 Α.
142 1942 365 2017 Quamnam
395 1955 504 2039 putas
534 1967 613 2016 esse
638 1966 745 2039 posse
776 1966 937 2032 causam,
960 1943 1059 2039 quod
1121 1983 1225 2024 cnm

41 2040 155 2146 lapides
172 2056 316 2151 aliaque
329 2079 485 2153 corpora
502 2056 691 2130 terrestria
708 2056 874 2130 inultum
894 2056 1060 2152 projecta
1088 2051 1247 2169 „U

41 2160 100 2238 sire
114 2182 249 2258 evecta,
267 2181 306 2242 et
323 2169 409 2244 dein
436 2170 604 2259 demissa,
628 2169 677 2243 ad
702 2181 839 2243 terram
856 2193 982 2242 rursus
998 2169 1060 2241 de·

41 2281 207 2372 scendunt,
240 2280 350 2379 idque
388 2283 582 2378 (quantum
616 2282 766 2376 scimus)
803 2306 870 2355 sua
899 2281 1059 2378 sponte?

41 2384 188 2484 Credere,
217 2420 303 2468 cum
328 2396 555 2494 philosophis
586 2394 758 2491 antiquis,
788 2396 888 2492 quod
922 2407 1060 2469 terram

41 2518 142 2580 ment
158 2508 216 2581 vel
234 2519 422 2605 appetant,
439 2533 515 2583 non
533 2533 705 2605 possum:
732 2533 851 2605 neque
875 2509 975 2605 quod
995 2534 1063 2607 per

41 2623 286 2696 contumaciam
303 2623 476 2720 aliquam,
494 2623 702 2697 desinentes
715 2623 902 2720 progredi,
915 2646 1062 2697 manere

41 2734 142 2806 tomen
158 2734 300 2819 nolint;
326 2759 411 2808 cum
428 2749 509 2810 tota
526 2736 634 2811 tellus
648 2737 819 2810 fluctuari
836 2736 874 2809 in
885 2760 969 2810 aere
986 2760 1062 2810 non

41 2837 249 2943 dedignetur.
276 2847 527 2923 Veruntamen
544 2850 583 2922 in
599 2873 684 2924 aere
702 2848 794 2923 nihil
811 2873 931 2945 neque
941 2849 1062 2939 video,

41 2968 137 3052 neque
154 2960 349 3057 imaginari
361 2985 521 3057 possum,
535 2962 634 3057 quod
651 2962 714 3035 illa
729 2961 889 3057 dejiciat.

77 3069 119 3144 Β.
144 3072 301 3148 Causam
318 3074 509 3171 gravitatis
526 3075 564 3148 in
578 3076 744 3172 appetitu
757 3074 950 3163 collocare,
964 3074 1062 3147 insa-

41 3196 110 3255 num
143 3199 210 3260 est.
270 3187 450 3261 Homines
478 3188 590 3275 enim,
618 3189 714 3262 sicut
744 3199 880 3261 caetera
908 3210 1063 3283 corpora

41 3297 156 3388 gravia,
174 3299 221 3372 ab
239 3301 315 3373 alto
332 3302 539 3375 necessario
557 3302 627 3375 nisi
645 3301 896 3375 sustineantur
907 3301 1061 3375 cadunt:

43 3415 71 3476 et
84 3433 163 3484 casu
183 3413 300 3510 (quod
315 3425 439 3488 tamen
464 3415 614 3488 minime
642 3417 837 3512 appetunt)
868 3414 1066 3509 aliqnando

43 3535 186 3608 pereunt.
239 3527 399 3600 Necesse
428 3551 517 3624 ergo
549 3540 617 3618 est,
635 3540 678 3601 ut
703 3527 841 3624 gravia,
867 3541 1063 3625 postquam

44 3646 142 3711 motus
158 3663 231 3735 quo
256 3640 501 3735 projiciuntur
517 3641 703 3714 extinctus
719 3641 778 3728 sit,
797 3651 861 3713 aut
878 3654 1063 3729 maneant,

45 3758 93 3820 out
106 3751 149 3824 ab
164 3775 250 3824 aere
263 3763 364 3825 moto
382 3752 430 3825 ad
446 3763 584 3827 terram
602 3754 819 3827 referantur.
872 3754 969 3826 Nam
982 3778 1063 3827 cor-

43 3869 96 3972 pus
115 3887 221 3937 omne
245 3862 345 3959 quod
371 3864 538 3961 quiescit,
557 3866 644 3939 novi
672 3879 792 3939 motus
820 3864 965 3940 initium
995 3867 1065 3939 sibi

42 3957 97 4058 usi
110 3974 195 4049 dare
213 4000 289 4049 non
315 3988 450 4073 potest.
503 3977 730 4051 Probabilius
757 4003 847 4075 ergo
876 3979 967 4051 nihil
995 3991 1062 4061 est,

42 4094 133 4170 quum
150 4087 251 4185 qnod
268 4102 390 4163 motus
411 4090 578 4185 aliquis
569 4091 638 4186 rpsi
666 4090 788 4164 telluri
817 4092 917 4180 insit,
938 4092 1064 4187 (quem

41 4179 198 4291 homines,
216 4214 413 4298 propterea
430 4202 530 4298 quod
548 4216 657 4276 terrae
674 4203 859 4290 insistunt,
876 4205 1064 4300 percipere

41 4316 101 4384 flou
117 4318 299 4409 possunt),
319 4340 391 4411 quo
410 4340 533 4389 aerem
549 4316 692 4389 facilius
710 4341 733 4390 a
750 4342 788 4390 se
811 4318 931 4413 rejicit
954 4339 1065 4412 quam

41 4431 158 4500 catera
184 4452 353 4524 corpora.
407 4430 491 4503 Hoc
516 4430 613 4502 enim
645 4431 847 4526 supposito,
872 4441 909 4502 et
934 4441 1063 4524 praete·

41 4543 94 4610 rta
105 4541 199 4637 quod
215 4541 318 4617 locus
335 4567 489 4641 corpore
503 4568 639 4617 vacuus
654 4543 774 4617 nullus
788 4544 847 4634 sit,
865 4543 1065 4616 necessitas

124 4675 216 4730 VOL.
236 4677 293 4730 tv.
935 4678 965 4728 X
