2618 5092
239 688 308 755 168
451 701 722 758 exanimato
740 702 794 757 Μ
810 700 1061 757 statunculo

47 890 197 932 1³¹⁵me
234 871 311 967 guli
344 869 536 946 rectilinei.
604 872 730 948 Quare
761 894 870 947 arcus
903 868 1129 945 semicirculi
1162 868 1264 961 sulus,

49 972 193 1077 J...
234 985 372 1080 absque
388 984 525 1081 angulo
537 995 743 1078 contactus,
758 995 883 1061 rectus
899 992 970 1060 est.
1257 1024 1260 1029 ·

283 1095 332 1170 B.
359 1098 399 1171 Si
415 1096 572 1195 angulus
587 1108 780 1173 contactus
805 1096 909 1173 nulla
921 1118 1010 1195 pam
1033 1094 1087 1171 uit
1101 1094 1195 1193 eim
1209 1092 1266 1193 (μ’

237 1211 393 1284 efficitur
409 1236 433 1285 a
448 1220 676 1309 tangenteet
691 1210 884 1301 diametro,
900 1232 1016 1309 quare
1042 1207 1186 1285 dicitur
1207 1230 1266 1285 uu-

231 1323 368 1420 gulns?
418 1324 468 1397 Et
484 1323 668 1421 quomodo
684 1322 760 1399 dici
770 1334 896 1423 potest
910 1324 1107 1423 quanm
1261 1384 1266 1389 .

285 1435 334 1509 A.
360 1436 507 1511 Dicitur
528 1436 705 1535 'ungulus
739 1437 827 1535 quia
863 1436 1101 1515 formatura
1133 1432 1266 1511 duabm

235 1549 341 1623 lineis
358 1549 396 1623 in
407 1550 595 1625 communi
604 1562 746 1649 puncto
758 1548 1078 1625 concurrentibus.
1104 1548 1266 1627 Quantus

236 1662 694 1762 dicitur,proptereaquod
701 1664 812 1739 unius
821 1663 948 1762 anguli
957 1672 1266 1761 contactusquun

234 1779 323 1852 titas
339 1790 464 1876 potest
480 1802 559 1855 esse
573 1779 635 1855 rel
648 1781 768 1879 major
784 1778 843 1855 vel
862 1780 985 1855 minor
1000 1800 1116 1878 quarn
1132 1778 1266 1878 quanti

236 1904 293 1964 tas
306 1891 467 1967 alterius.

285 2004 330 2078 ln
357 2005 520 2103 quinque
547 2005 693 2105 paginis
719 2028 803 2103 qnae
829 2005 974 2082 faciunt
1001 2005 1129 2105 Caput
1153 2028 1194 2095 x,
1226 2004 1266 2081 ud

235 2117 465 2214 probandum
499 2117 600 2216 quod
628 2117 787 2216 angulus
819 2118 1040 2193 semicirculi
1068 2126 1266 2193 estractus

234 2231 343 2304 affert
359 2255 424 2304 sex
441 2231 784 2320 demonstrationes,
802 2254 959 2328 quarum
974 2255 1023 2305 ne
1039 2255 1117 2305 una
1127 2229 1266 2329 quido·

234 2332 323 2405 satis
340 2333 446 2404 firma
462 2343 542 2417 est;
568 2332 725 2429 ideoque
743 2333 862 2428 Caput
888 2331 1129 2406 undecimum
1155 2343 1266 2405 totum

235 2455 392 2540 occupat
410 2446 568 2541 objectio
579 2457 710 2519 contra
721 2445 844 2542 Caput
859 2470 896 2534 x,
914 2458 953 2519 et
966 2445 1015 2518 ad
1027 2446 1266 2542 objectionem

236 2558 435 2653 responsio.
489 2559 600 2633 Quod
612 2582 687 2631 non
704 2559 833 2632 fuisset
852 2558 1113 2648 necessarium,
1131 2559 1163 2632 si
1189 2557 1266 2631 iuis

238 2682 321 2742 sent
336 2669 509 2766 legitimae
527 2670 855 2746 demonstrationes
872 2673 963 2768 ejus.
1014 2671 1121 2768 Elige
1149 2694 1266 2768 quam·

235 2781 326 2856 libet
340 2796 377 2857 et
390 2807 499 2878 quam
512 2795 620 2880 putas
636 2786 894 2859 firmissimam.

285 2893 333 2969 B.
358 2897 464 2995 Eligo
482 2911 662 2995 quartam,
679 2899 743 2971 ubi
760 2923 844 2972 cum
870 2897 1046 2994 angulum
1064 2898 1266 2972 constituis

235 3009 345 3083 setin
362 3011 592 3086 semicirculo
610 3025 753 3085 rectum
766 3011 887 3100 ABC,
899 3012 1074 3107 supponit
1084 3012 1158 3085 AB
1169 3034 1266 3108 super

235 3124 433 3199 terminum
457 3125 626 3199 diametri
657 3126 796 3200 moveri
826 3125 1053 3198 circulariter
1075 3125 1125 3198 ad
1151 3125 1266 3198 termi-

235 3261 324 3310 num
341 3240 562 3335 oppositum.
615 3239 766 3313 Quanto
790 3261 879 3333 ergo
900 3263 945 3311 eo
969 3250 1074 3312 motu
1097 3239 1266 3312 minuitur

234 3364 414 3446 perpetuo
430 3353 586 3448 angulus
598 3353 646 3426 ad
657 3353 702 3441 A,
712 3364 816 3425 tanto
829 3366 987 3447 augetur
1002 3352 1161 3448 angulus
1178 3352 1225 3425 ad
1235 3351 1266 3424 C.

235 3463 364 3558 ltaque
381 3466 537 3561 angulus
554 3466 591 3538 in
606 3465 903 3540 circumferentia
919 3477 1097 3561 perpetuo
1111 3480 1266 3540 servatur

234 3591 369 3650 rectus.
423 3580 547 3654 Quare
575 3590 612 3653 et
641 3591 764 3651 rectus
789 3579 871 3666 erit,
896 3577 1043 3673 quando
1067 3579 1140 3651 AB
1162 3579 1266 3652 estin

234 3691 315 3786 ipso
333 3692 511 3767 diametro
528 3694 568 3766 in
582 3693 634 3767 Ο..
675 3694 805 3788 Itaque
828 3692 983 3789 angulus
1000 3693 1224 3768 semicirculi
1239 3692 1266 3766 iu

235 3804 265 3874 C
282 3805 353 3877 erit
369 3817 503 3879 rectus,

284 3918 333 3990 A.
361 3919 419 3992 lta
432 3917 592 4013 quidem,
607 3922 711 4015 cujus
728 3941 812 3992 crus
829 3917 986 3991 alterum

234 4029 504 4103 semicirculum
530 4041 659 4128 tangat
688 4032 726 4104 in
757 4031 800 4104 C.
854 4030 927 4104 Sed
955 4030 987 4102 si

235 4169 318 4219 crus
344 4144 501 4218 alterum
527 4144 573 4217 sit
596 4167 715 4234 creua,
735 4167 810 4217 non
839 4157 897 4217 est
921 4168 985 4216 ne-

232 4282 345 4346 cesse,
364 4281 436 4330 non
459 4258 610 4353 iuquam
633 4280 779 4330 necesse
802 4270 860 4331 cst
875 4280 987 4352 prop·
1024 4251 1044 4289 ‘⁵

233 4381 290 4443 ter
319 4371 394 4443 vim
426 4371 535 4467 hujus
570 4371 903 4460 demonstrationis,
942 4370 1014 4444 nisi
1048 4385 1089 4447 et
1122 4375 1266 4472 angulus

231 4485 351 4558 factus
366 4486 414 4558 ab
431 4486 502 4559 AB
520 4498 558 4558 ct
583 4508 672 4559 arcu
697 4485 764 4559 Bc
786 4485 836 4558 sit
861 4485 975 4558 ctiam
991 4496 1141 4573 rectus;
1168 4488 1266 4587 quod

231 4622 438 4695 quanquam
457 4623 585 4673 verum
602 4601 662 4690 sit,
681 4597 828 4673 Clarius
845 4623 919 4672 non
937 4600 1132 4678 concedet.
