2618 5092
416 643 750 698 onounrnsnuu.
1031 621 1104 696 447

470 936 574 1009 ΟΑΡ.
609 935 697 1009 ΧΧ.

311 1117 366 1170 DB
385 1118 658 1171 DIMENSIONE
679 1117 857 1170 curcum.

52 1260 283 1332 Parucrnrn
310 1257 382 1330 ista
407 1283 490 1355 quae
514 1282 626 1355 supra
643 1284 667 1333 a
684 1282 742 1332 me
764 1257 988 1353 reprehensa
1006 1266 1107 1343 sunt,
1155 1287 1223 1327 cm.
1239 1286 1291 1324 xx.

53 1374 192 1444 mirum
209 1382 267 1443 est
284 1370 397 1444 etiam
415 1384 596 1467 quantum
612 1371 663 1445 ad
690 1370 940 1468 pulcherrima
960 1393 1109 1465 geome-
1137 1353 1309 1457 ΓΑ..

55 1485 140 1558 triae
174 1483 406 1580 problemata
440 1483 662 1557 invenienda
696 1484 793 1556 viam
827 1484 1109 1556 obstruxerunt:
1137 1477 1221 1524 ml·

56 1620 215 1694 qnorum
243 1596 412 1692 exempla
441 1597 565 1691 aliqua
587 1596 649 1669 hic
676 1594 746 1669 tibi
773 1595 961 1685 exhibere,
984 1618 1108 1691 operae

57 1710 218 1808 pretinm
246 1731 326 1782 ease
343 1722 448 1806 puto.

109 1823 169 1897 Sit
187 1821 408 1918 quadratum
424 1821 570 1896 ABCD.
607 1823 744 1896 Centro
762 1822 808 1910 A,
820 1820 1014 1893 intervallo
1033 1820 1111 1910 AB,

58 1935 265 2033 descriptus
299 1937 348 2008 sit
381 1936 511 2009 circuli
534 1935 721 2033 quadrans
748 1934 863 2009 ABD.
928 1933 1111 2007 Secentnr

58 2050 178 2124 latera
200 2049 283 2138 AD,
301 2049 366 2123 BC
382 2049 551 2123 bifariam
569 2050 608 2122 in
625 2051 656 2123 B
674 2061 713 2123 et
736 2049 776 2122 F.
837 2048 960 2120 Ducta
976 2047 1037 2119 EF
1054 2069 1110 2118 se·

58 2173 168 2236 cante
185 2184 313 2236 arcum
339 2161 406 2235 BD
429 2162 468 2236 in
491 2163 536 2252 G,
554 2164 626 2238 erit
650 2186 759 2238 arcus
779 2159 845 2238 BG
863 2162 979 2234 totius
1004 2183 1112 2233 arcus

60 2275 126 2349 BD
143 2296 232 2372 pars
248 2274 372 2348 tertia.

107 2388 180 2462 Per
194 2398 376 2484 punctum
396 2387 429 2460 G
446 2386 604 2460 ducatur
621 2399 725 2461 recta
756 2387 842 2462 lGK
860 2386 1033 2484 parellela
1059 2384 1113 2456 ln-

61 2500 133 2574 teri
150 2498 226 2588 Be,
239 2523 370 2573 secans
384 2500 451 2572 AB
469 2500 507 2572 in
527 2500 543 2572 l
563 2511 602 2572 et
619 2501 687 2573 CD
701 2501 741 2574 in
756 2501 803 2588 K,
816 2499 1114 2596 producaturque

61 2614 110 2688 ad
128 2613 181 2703 H,
199 2614 253 2686 ita
268 2624 312 2686 ut
329 2613 386 2686 IH
406 2613 454 2686 sit
481 2613 593 2709 tripla
610 2613 683 2687 lG:
711 2612 871 2710 denique
891 2637 958 2710 per
982 2614 1019 2685 H
1046 2613 1114 2685 du-

60 2740 165 2803 eatur
183 2738 287 2807 recta
306 2726 377 2799 ΝΟ
394 2725 599 2815 indefinita,
616 2738 655 2800 et
671 2728 853 2823 parallela
871 2727 950 2801 DC.

116 2839 285 2914 Ducatur
309 2840 373 2914 BG
391 2839 531 2913 chorda
548 2864 655 2914 arcus
674 2841 750 2930 BG,
768 2854 804 2915 et
822 2841 1049 2938 producatur
1066 2839 1115 2913 ad

69 2953 141 3027 ΝΟ
154 2954 194 3026 in
213 2954 258 3044 Ο,
277 2976 405 3027 secans
419 2953 483 3027 CD
501 2954 540 3027 in
557 2955 597 3029 P.
632 2953 776 3030 Deinde
794 2966 922 3028 centro
939 2956 982 3041 B,
1001 2955 1116 3027 inter-

67 3066 167 3140 vallo
183 3066 262 3156 ΒΟ,
281 3065 511 3139 describatur
527 3091 635 3140 arcus
652 3067 780 3141 circuli
798 3090 925 3141 secans
945 3067 1012 3139 BN
1030 3089 1116 3162 pro-

69 3179 221 3254 ductam
233 3179 273 3252 in
291 3180 339 3254 Q.

119 3294 235 3367 Porro
268 3293 377 3366 lateri
412 3293 480 3365 BA
509 3293 734 3390 adjungatur
765 3294 804 3367 in
839 3292 1020 3366 directum
1048 3293 1117 3364 AB

69 3406 220 3503 aequalis
244 3405 366 3503 duplae
384 3406 457 3494 GF,
475 3418 513 3479 at
539 3406 652 3480 ducta
669 3407 750 3495 RD,
769 3430 851 3503 quae
868 3406 1019 3502 aequalis
1046 3405 1118 3477 erit

69 3519 183 3616 duplo
209 3518 316 3591 lateri
338 3518 420 3607 AD,
438 3519 667 3614 producatur
690 3519 739 3593 ad
764 3520 859 3593 latus
879 3520 941 3593 BC
958 3519 1119 3616 produc-

69 3645 149 3706 tum
175 3632 215 3705 in
242 3631 291 3717 S;
325 3633 467 3728 eritque
495 3632 555 3705 CS
580 3633 731 3730 aequalis
764 3634 933 3730 tangenti
960 3643 1008 3708 30
1033 3658 1118 3730 gra-

69 3746 209 3829 duum;
234 3745 409 3819 transibit
435 3758 559 3819 autem
590 3748 651 3821 RS
676 3771 743 3844 per
773 3747 824 3834 H,
843 3748 1042 3821 terminum
1065 3771 1120 3820 se-

69 3859 215 3934 miradii
246 3859 334 3932 KH.
387 3859 554 3932 Ducatur
581 3861 648 3935 Qu
673 3860 851 3957 parallelo
874 3860 964 3944 NH,
992 3885 1121 3933 secans

70 3973 130 4048 Rs
143 3974 182 4047 in
198 3997 235 4045 a.
264 3971 573 4069 Compleaturque
588 3973 970 4068 parallelogrammum
989 3972 1119 4048 Boou.

70 4086 273 4175 Postremo,
291 4084 409 4159 diviso
428 4110 516 4159 arcu
545 4087 610 4161 BG
637 4088 808 4160 bifariam
825 4088 865 4160 in
883 4114 916 4178 c,
935 4087 1120 4181 ductoque

70 4201 151 4275 sinn
169 4223 280 4275 arens
293 4201 361 4285 Bc,
376 4201 555 4296 jungatur
571 4201 642 4274 Rc.
672 4201 864 4275 Hactenus
879 4202 1117 4274 constructio.

117 4315 202 4388 Erit
219 4335 309 4409 ergo
332 4313 433 4385 sinus
451 4337 558 4386 arcus
576 4314 635 4386 Bc
652 4328 757 4387 sexta
772 4338 858 4410 pars
875 4326 985 4386 recta
1004 4314 1063 4403 ha,
1082 4327 1120 4388 et

70 4427 137 4523 ipsi
162 4427 385 4526 parallelna;
411 4427 568 4523 ideoque
585 4427 644 4500 vel
672 4427 711 4500 in
738 4429 818 4524 ipsa
836 4427 902 4516 ba,
919 4429 978 4501 vel
996 4452 1118 4522 snpra,

70 4541 126 4614 rel
151 4540 263 4616 infra.
317 4539 493 4615 Sumatur
509 4539 580 4616 Ad
603 4551 708 4614 sexta
733 4563 820 4637 pars
837 4540 918 4632 AD,
942 4553 980 4614 et
1008 4541 1119 4615 ducta
