2618 5092
218 653 292 721 460
361 666 416 719 nn
437 663 669 718 careremus
689 664 742 717 nr
759 662 1131 719 narrocrrrnrrorrrr

18 862 87 905 oar.
99 862 189 905 xxm.
218 830 421 905 secundum
446 830 651 921 Euclidem,
674 830 816 929 aequnle
838 838 888 907 48
909 830 1108 929 quadratis
1129 832 1174 907 nb
1194 830 1252 907 Nr.

18 932 176 1053 ,ff
219 944 286 1018 Est
302 957 428 1019 autem
445 944 666 1041 quadratum
683 968 708 1019 a
724 944 778 1019 Cr
793 952 856 1019 49.
907 944 1039 1021 Quare
1057 944 1091 1021 si
1106 966 1254 1043 gnomon

18 1060 207 1169 fflfflffi
219 1060 324 1155 cujus
346 1058 504 1133 latitudo
526 1058 575 1131 sit
592 1059 667 1146 Mr,
684 1058 1031 1157 circumponeretur
1049 1058 1256 1159 quadratos

18 1194 46 1234 a
202 1158 308 1261 'cM,
326 1185 425 1246 esset
441 1172 504 1245 ille
516 1195 680 1267 gnomon
696 1171 848 1269 aequnlis
864 1170 1050 1269 quadrato
1066 1172 1182 1271 ipsius
1195 1172 1254 1249 llr.

220 1284 294 1359 Sed
328 1296 515 1359 ostensum
543 1294 611 1371 est,
641 1282 744 1381 quod
768 1306 935 1381 gnomon
968 1286 1079 1382 cujus
1115 1282 1256 1361 latitudo

216 1398 265 1472 sit
283 1396 361 1487 Mr,
380 1396 664 1491 circumpositus
688 1396 871 1493 quadrato
886 1421 911 1471 a
931 1396 1023 1488 ΒΜ,
1046 1398 1257 1497 aequnlisest

216 1509 398 1609 quadrato
417 1508 611 1583 abeodem
635 1508 706 1583 Nr.
758 1509 845 1583 Non
862 1524 920 1585 est
935 1534 1030 1609 ergo
1049 1512 1257 1610 quadratum

216 1648 239 1697 a
255 1633 433 1719 tangente
452 1631 500 1697 30
516 1621 701 1717 graduum
713 1622 763 1696 ad
781 1622 1006 1718 quadratum
1031 1648 1057 1699 a
1073 1624 1256 1699 semirodio

215 1748 259 1809 ut
285 1734 375 1809 lad
392 1744 428 1809 3.
493 1734 605 1811 Quod
630 1746 687 1809 est
713 1748 845 1809 contra
867 1760 976 1834 prop.
1009 1744 1073 1829 47,
1101 1739 1214 1813 Elem.
1235 1738 1255 1811 i

218 1849 306 1923 Non
317 1848 466 1922 ridetur
482 1872 572 1945 ergo
588 1848 793 1946 propositio
809 1848 874 1923 illa
889 1849 1256 1927 universaliterrera:

216 1963 283 2037 sed
301 1962 475 2037 dubitans
490 1962 544 2036 nil
561 1963 774 2059 pronuntio.

266 2078 417 2151 “Error
433 2078 524 2167 est,”
543 2076 698 2174 inquies,
715 2076 883 2172 “aliquis
900 2077 960 2152 vel
982 2077 1024 2152 in
1053 2077 1132 2169 illa,
1148 2077 1204 2151 rel
1224 2075 1257 2149 iu

214 2190 287 2265 hoc
304 2189 652 2265 demonstratione?
686 2190 914 2264 Certissime.
959 2192 1145 2265 lncumbe
1156 2191 1257 2287 igitur

215 2316 297 2379 toto
308 2304 432 2377 animo
450 2303 645 2399 utriusque
662 2304 952 2377 examinationi:
981 2328 1055 2379 nec
1073 2304 1257 2379 ratiocina-

214 2418 334 2490 tiones
352 2429 509 2506 tantnm,
528 2417 721 2490 sedetiam
740 2418 922 2514 principia
936 2430 1086 2492 excute.
1141 2415 1256 2514 lmpri-

214 2532 283 2603 mis
297 2544 433 2619 autem‚
449 2553 594 2603 caveae
609 2531 826 2604 tenuissima
836 2532 1024 2628 triangula
1035 2532 1096 2606 rel
1111 2545 1256 2606 sectores

213 2643 556 2740 quantuloscunque
587 2656 779 2740 computes
808 2669 877 2741 pro
907 2644 1018 2720 lineis
1049 2646 1175 2735 rectis,
1201 2654 1256 2716 aut

214 2755 558 2851 parallelogramma
583 2756 845 2853 obliquangula
868 2758 1004 2855 exigua
1026 2782 1099 2856 pro
1125 2772 1255 2832 rectan-

214 2868 322 2964 guliS.
376 2869 420 2941 Id
438 2868 537 2963 quod
556 2870 694 2943 evitare
720 2895 795 2943 non
819 2882 943 2967 potest
969 2873 1013 2964 is,
1034 2873 1099 2969 qui
1126 2882 1255 2946 rectan-

214 2982 343 3078 gulum
374 3006 449 3054 non
478 2982 699 3076 quadratum
727 2994 868 3056 sectum
898 2998 1007 3080 putet
1032 3011 1056 3059 a
1076 2985 1175 3059 linea
1200 3006 1256 3081 per

215 3095 370 3191 angulos
387 3095 576 3190 oppositos
595 3095 788 3180 bifariam,
815 3107 858 3168 ut
875 3108 931 3171 est
948 3098 989 3171 in
1015 3099 1254 3195 propositione

217 3217 277 3295 34,
298 3209 412 3282 Elem.
431 3207 456 3278 i.
509 3208 733 3304 Quanquam
751 3208 849 3281 enim
871 3210 910 3281 in
929 3211 1116 3306 quadrato
1141 3211 1254 3308 diago

214 3320 309 3393 nalis
326 3320 550 3394 considerari
578 3333 702 3417 potest
721 3333 764 3395 ut
790 3346 893 3396 mera
919 3323 1130 3420 longitudo,
1158 3338 1254 3420 atque

216 3434 329 3507 etiam
350 3447 393 3507 ut
420 3434 704 3506 minutissimum
728 3436 1000 3531 rectangulum,
1020 3438 1112 3533 quia
1138 3437 1255 3510 dividit

217 3546 406 3642 oppositos
424 3547 578 3642 angulos
597 3546 783 3620 bifariam:
811 3548 851 3621 in
869 3549 1034 3647 oblongo
1051 3565 1191 3639 tamen,
1202 3549 1254 3622 ubi

215 3659 421 3755 diagonalis
439 3684 514 3732 uon
532 3659 664 3733 dividit
690 3661 879 3756 oppositos
903 3663 1063 3758 angulos
1086 3664 1254 3751 bifariam,

216 3771 441 3845 considerari
453 3796 527 3845 uon
540 3786 662 3869 potest
673 3797 793 3870 neque
803 3787 847 3846 ut
862 3777 1136 3872 rectangulum,
1148 3799 1255 3874 neque

215 3900 256 3960 ut
274 3910 376 3958 mera
392 3886 597 3981 longitud0,
615 3888 680 3961 sed
698 3902 740 3961 ut
757 3888 814 3960 vel
833 3888 1061 3984 triangulum
1076 3891 1256 3987 obliquan-

215 4001 355 4097 gulum‚
374 4001 430 4072 vel
449 4000 834 4097 parallelogrammum
848 4002 1167 4099 obliquangulum.
1194 4002 1257 4077 Sed

215 4127 258 4187 ut
275 4115 370 4187 hanc
389 4114 643 4188 difficultatem
665 4116 810 4188 facilius
828 4117 1042 4191 examinare
1060 4122 1191 4215 poesia,
1207 4142 1256 4191 os

215 4227 366 4300 tendam
391 4229 458 4301 tibi
477 4252 576 4301 nunc
593 4240 745 4325 quanto,
761 4231 869 4325 juxta
881 4231 1094 4320 Euclidem,
1111 4234 1257 4332 quadra·

215 4354 295 4414 tum
313 4366 335 4413 a
352 4354 528 4439 tangente
553 4350 601 4416 30
624 4342 805 4437 graduum
830 4344 950 4439 majus
975 4359 1034 4419 est
1051 4372 1164 4445 quam
1182 4370 1257 4445 qua·

215 4455 364 4528 drotum
381 4482 404 4529 a
421 4454 628 4529 semiradio.

265 4569 358 4642 Dico
376 4581 499 4644 autem
518 4568 737 4665 quadratum
756 4580 972 4666 attingente
1001 4580 1053 4649 30
1071 4574 1254 4672 graduum,
