2618 5092
234 627 309 695 416
378 640 433 694 nn
454 642 686 697 sumemus
705 642 757 695 nr
774 638 1157 697 aarnocrnxmonu

60 829 130 872 car.
144 832 188 874 xa
234 820 336 884 aeret
352 834 417 884 eus
430 821 468 885 et
483 835 637 886 non-em
648 834 730 887 esse
742 808 879 885 diversi
890 810 1065 907 generis:
1081 808 1274 887 liueueuiu

48 897 193 1009 tn:
234 924 379 998 infinita
396 926 498 999 nana
513 936 581 999 est.
634 923 748 1002 nuos
763 910 900 999 eutem·
913 922 1060 999 uetur
1082 922 1125 997 in
1146 922 1274 999 mna

233 1036 380 1110 matieis
397 1038 585 1132 infinitum,
602 1038 643 1114 id
658 1038 842 1136 signifieat
857 1036 1098 1111 solummodo
1124 1036 1272 1111 indeter-

232 1149 426 1240 minatum,
450 1151 529 1226 sive
555 1150 802 1239 indefinitum,
823 1149 865 1225 id
892 1164 965 1241 est,
982 1150 1087 1249 quod
1106 1160 1270 1248 quantun

231 1262 280 1337 sit
297 1286 371 1337 non
388 1275 445 1337 est
462 1263 617 1339 dietum.

281 1377 595 1474 Distinguendum
608 1378 721 1453 etiam
733 1386 792 1451 est
806 1376 1268 1474 interquoutumetquun

230 1490 389 1578 titatem,
406 1515 565 1588 qnorum
581 1514 699 1565 uuum
714 1513 905 1587 nunquam
928 1489 1071 1564 dieitur
1088 1487 1136 1563 de
1151 1489 1265 1563 altaro.

279 1604 464 1679 Praeterea
479 1606 549 1680 etsi
571 1602 802 1703 magnitudo,
819 1615 863 1678 ut
890 1602 1104 1701 longitudo,
1129 1604 1265 1701 superfi-

227 1717 314 1807 oies,
332 1718 513 1809 soliditas,
530 1718 618 1793 solis
640 1718 859 1816 corporibus
882 1717 1002 1791 tribui
1023 1718 1175 1816 proprie
1194 1742 1264 1817 pos

226 1842 326 1919 suut,
340 1832 525 1929 quantitas
541 1844 667 1907 tamen
683 1830 812 1905 multis
825 1829 908 1905 aliis
920 1830 1037 1905 rebus
1048 1830 1166 1905 tribui
1178 1844 1263 1905 reete

225 1955 361 2041 potest.
414 1944 603 2045 Quicquid
625 1946 722 2020 euim
750 1956 807 2019 est
831 1942 880 2018 de
896 1968 972 2042 qno
994 1968 1087 2020 vere
1111 1944 1261 2033 dieimm,

225 2056 326 2153 quod
347 2060 467 2156 majus
482 2058 542 2133 vel
569 2058 692 2133 minus
716 2056 790 2132 alio
806 2068 878 2147 est,
894 2058 956 2132 vel
972 2057 1131 2157 aequale,
1147 2058 1204 2133 vel
1225 2058 1261 2133 de

223 2193 299 2266 quo
315 2194 402 2245 vere
419 2171 555 2246 dieitur
570 2170 689 2267 magis
704 2168 763 2245 vel
778 2169 901 2243 minus
914 2168 976 2243 vel
993 2170 1187 2269 aqualiter
1199 2182 1259 2245 est:

224 2282 339 2357 habet
355 2284 447 2359 illud
463 2286 710 2383 quantitatem
727 2297 767 2358 et
783 2282 1070 2375 dimensionem,
1088 2284 1149 2359 val
1163 2308 1257 2359 uuuu

223 2396 284 2469 vel
299 2397 435 2494 plnres.
487 2399 535 2471 Et
551 2397 721 2495 proinde,
740 2396 900 2492 tempori
918 2421 989 2471 sua
1002 2398 1189 2495 quantitas
1204 2409 1256 2485 est,

222 2534 306 2605 qnae
324 2513 459 2609 exponi
475 2523 599 2608 potest
616 2534 684 2608 per
700 2510 849 2586 lineam.
901 2511 1029 2585 Motni
1047 2524 1107 2585 est
1123 2536 1187 2585 sua
1201 2510 1256 2583 sibi

220 2626 418 2717 quantitas,
436 2626 654 2724 exponenda
669 2648 736 2722 per
752 2624 900 2697 lineam.
946 2625 1073 2699 Etiam
1091 2625 1147 2699 vis
1162 2625 1256 2698 habet

221 2762 326 2811 suam
344 2740 413 2812 sibi
430 2741 689 2836 quantitatem,
707 2737 966 2835 exponendam
978 2763 1047 2835 per
1064 2739 1197 2812 lineam
1211 2736 1254 2810 rel

219 2852 381 2949 planum.
434 2853 482 2926 Et
508 2853 655 2950 pondus
680 2851 928 2949 quantitatem
956 2876 1076 2942 suam,
1105 2877 1185 2950 qnoe
1208 2874 1253 2925 ex·

219 2966 308 3062 poni
335 2977 459 3062 potest
482 2967 594 3039 etiam
618 2988 685 3061 per
710 2964 847 3037 lineam
874 2965 935 3038 vel
965 2967 1140 3040 solidum.
1188 2964 1253 3038 Nee

218 3090 343 3152 tamen
361 3079 448 3153 inde
471 3079 599 3152 inferri
622 3088 756 3176 potest,
775 3091 839 3152 aut
855 3090 1017 3176 tempus,
1034 3091 1101 3153 ant
1117 3090 1253 3162 mutua

218 3205 284 3265 aut
299 3194 387 3283 vim,
405 3204 469 3266 aut
485 3193 643 3290 pondua,
661 3216 741 3267 esse
758 3191 892 3266 lineam
909 3206 978 3267 ant
1003 3192 1118 3267 aliam
1133 3189 1253 3289 magui·

220 3307 398 3380 tudinem.

269 3420 438 3518 Denique
455 3420 561 3507 ratio,
580 3419 755 3516 quoniam
772 3420 868 3493 ratio
886 3419 960 3493 alia
984 3419 1061 3493 alia
1077 3422 1195 3518 major
1208 3429 1254 3491 est

217 3532 278 3605 vel
304 3534 436 3623 minor,
457 3533 701 3630 quantitatem
727 3533 851 3622 habet,
874 3546 913 3606 et
944 3556 1014 3631 per
1037 3533 1133 3609 duas
1155 3535 1254 3609 lineas

217 3646 425 3742 exponitur.
477 3646 784 3744 Quandoeunque
807 3647 906 3719 enim
929 3661 1171 3744 exponuntur
1185 3647 1255 3719 dua

217 3758 338 3848 lineae,
356 3783 430 3832 non
448 3761 560 3834 modo
579 3772 814 3857 exponuntur
829 3760 932 3857 ipsae,
951 3759 1151 3836 sedetiam
1174 3761 1253 3857 ipsa·

217 3894 300 3944 rum
318 3873 426 3946 ratio.
463 3874 573 3947 Ratio
591 3875 690 3947 enim
709 3886 776 3963 est,
794 3888 837 3947 ut
855 3897 938 3947 eam
956 3874 1145 3964 definiam,
1162 3895 1254 3969 mog-

215 3984 395 4059 'titudinis
413 3986 469 4060 ad
483 3985 776 4085 magnitudinem
792 3986 939 4059 relatio.
982 3988 1118 4085 Neque
1135 3982 1255 4085 exponi

215 4110 340 4195 potest
359 4100 431 4173 nisi
448 4124 515 4197 per
538 4101 630 4174 duas
653 4101 781 4191 lineas,
799 4124 955 4198 quarum
977 4102 1099 4177 altera
1121 4114 1254 4176 antaee·

215 4212 307 4286 dens
334 4214 451 4287 altera
476 4237 716 4310 consequeus,
740 4224 784 4288 nt
812 4215 853 4287 iu
880 4215 1057 4291 omuibus
1083 4216 1161 4291 fere
1185 4211 1254 4288 aliis

215 4327 465 4420 relationibus,
483 4328 700 4426 appellatur.
