<?xml version="1.0" encoding="UTF-8"?>
<!DOCTYPE html PUBLIC "-//W3C//DTD XHTML 1.0 Transitional//EN"
    "http://www.w3.org/TR/xhtml1/DTD/xhtml1-transitional.dtd">
<html xmlns="http://www.w3.org/1999/xhtml" xml:lang="en" lang="en">
 <head>
  <title>
</title>
<meta http-equiv="Content-Type" content="text/html;charset=utf-8" />
  <meta name='ocr-system' content='tesseract 3.04.00' />
  <meta name='ocr-capabilities' content='ocr_page ocr_carea ocr_par ocr_line ocrx_word'/>
</head>
<body>
  <div class='ocr_page' id='page_1' title='image "./thomhobbesmalme03hobbgoog_0090.png"; bbox 0 0 2618 5092; ppageno 0'>
   <div class='ocr_carea' id='block_1_1' title="bbox 282 677 1108 757">
    <p class='ocr_par' dir='ltr' id='par_1_1' title="bbox 282 677 1108 757">
     <span class='ocr_line' id='line_1_1' title="bbox 282 677 1108 757; baseline -0.012 -1"><span class='ocrx_word' id='word_1_1' title='bbox 282 701 607 756; x_wconf 71' lang='lat' dir='ltr'>maresuarrcn</span> <span class='ocrx_word' id='word_1_2' title='bbox 627 699 870 754; x_wconf 74' lang='lat' dir='ltr'>acarnania.</span> <span class='ocrx_word' id='word_1_3' title='bbox 1060 677 1108 757; x_wconf 87' lang='lat'>75</span> 
     </span>
    </p>
   </div>
   <div class='ocr_carea' id='block_1_2' title="bbox 10 867 1297 4242">
    <p class='ocr_par' dir='ltr' id='par_1_2' title="bbox 66 867 1297 1192">
     <span class='ocr_line' id='line_1_2' title="bbox 68 867 1297 963; baseline -0.004 -22"><span class='ocrx_word' id='word_1_4' title='bbox 68 870 136 957; x_wconf 87' lang='lat' dir='ltr'>bus,</span> <span class='ocrx_word' id='word_1_5' title='bbox 160 867 287 942; x_wconf 84' lang='lat' dir='ltr'>solida</span> <span class='ocrx_word' id='word_1_6' title='bbox 312 867 454 942; x_wconf 87' lang='lat' dir='ltr'>solidis.</span> <span class='ocrx_word' id='word_1_7' title='bbox 507 869 601 944; x_wconf 76' lang='lat' dir='ltr'>Quae</span> <span class='ocrx_word' id='word_1_8' title='bbox 625 891 715 940; x_wconf 86' lang='lat' dir='ltr'>vero</span> <span class='ocrx_word' id='word_1_9' title='bbox 740 867 987 963; x_wconf 88' lang='lat' dir='ltr'>heterogenea</span> <span class='ocrx_word' id='word_1_10' title='bbox 1012 874 1109 953; x_wconf 91' lang='lat' dir='ltr'>sunt,</span> <span class='ocrx_word' id='word_1_11' title='bbox 1145 885 1297 929; x_wconf 72' lang='lat' dir='ltr'>annonas</span> 
     </span>
     <span class='ocr_line' id='line_1_3' title="bbox 67 967 1295 1078; baseline -0.005 -23"><span class='ocrx_word' id='word_1_12' title='bbox 67 983 201 1056; x_wconf 84' lang='lat' dir='ltr'>diverso</span> <span class='ocrx_word' id='word_1_13' title='bbox 224 1005 369 1078; x_wconf 83' lang='lat' dir='ltr'>genere</span> <span class='ocrx_word' id='word_1_14' title='bbox 392 1005 573 1055; x_wconf 89' lang='lat' dir='ltr'>mensurae</span> <span class='ocrx_word' id='word_1_15' title='bbox 596 991 867 1054; x_wconf 85' lang='lat' dir='ltr'>mensurantur.</span> <span class='ocrx_word' id='word_1_16' title='bbox 920 980 985 1052; x_wconf 89' lang='lat' dir='ltr'>Sin</span> <span class='ocrx_word' id='word_1_17' title='bbox 1002 979 1111 1051; x_wconf 84' lang='lat' dir='ltr'>lineae</span> <span class='ocrx_word' id='word_1_18' title='bbox 1149 967 1295 1072; x_wconf 53' lang='lat' dir='ltr'>,L</span> 
     </span>
     <span class='ocr_line' id='line_1_4' title="bbox 66 1093 1110 1192; baseline -0.004 -24"><span class='ocrx_word' id='word_1_19' title='bbox 66 1120 125 1192; x_wconf 93' lang='lat' dir='ltr'>pro</span> <span class='ocrx_word' id='word_1_20' title='bbox 151 1095 414 1169; x_wconf 84' lang='lat' dir='ltr'>minutissimis</span> <span class='ocrx_word' id='word_1_21' title='bbox 440 1093 791 1191; x_wconf 80' lang='lat' dir='ltr'>parallelogrammis</span> <span class='ocrx_word' id='word_1_22' title='bbox 818 1093 1110 1180; x_wconf 87' lang='lat' dir='ltr'>considerentur,</span> 
     </span>
    </p>

    <p class='ocr_par' dir='ltr' id='par_1_3' title="bbox 66 1202 1113 1302">
     <span class='ocr_line' id='line_1_5' title="bbox 66 1202 1113 1302; baseline -0.007 -20"><span class='ocrx_word' id='word_1_23' title='bbox 66 1209 166 1282; x_wconf 86' lang='lat' dir='ltr'>atah</span> <span class='ocrx_word' id='word_1_24' title='bbox 183 1208 230 1282; x_wconf 87' lang='lat' dir='ltr'>iis</span> <span class='ocrx_word' id='word_1_25' title='bbox 248 1207 533 1282; x_wconf 87' lang='lat' dir='ltr'>considerantur</span> <span class='ocrx_word' id='word_1_26' title='bbox 549 1206 613 1302; x_wconf 94' lang='lat' dir='ltr'>qui</span> <span class='ocrx_word' id='word_1_27' title='bbox 636 1205 811 1280; x_wconf 91' lang='lat' dir='ltr'>methodo</span> <span class='ocrx_word' id='word_1_28' title='bbox 834 1202 1113 1279; x_wconf 87' lang='lat' dir='ltr'>demonstrandi</span> 
     </span>
    </p>

    <p class='ocr_par' dir='ltr' id='par_1_4' title="bbox 68 1317 1111 1416">
     <span class='ocr_line' id='line_1_6' title="bbox 68 1317 1111 1416; baseline -0.006 -21"><span class='ocrx_word' id='word_1_29' title='bbox 68 1334 221 1395; x_wconf 88' lang='lat' dir='ltr'>utantur</span> <span class='ocrx_word' id='word_1_30' title='bbox 244 1344 302 1411; x_wconf 90' lang='lat' dir='ltr'>ea,</span> <span class='ocrx_word' id='word_1_31' title='bbox 330 1343 405 1416; x_wconf 90' lang='lat' dir='ltr'>qua</span> <span class='ocrx_word' id='word_1_32' title='bbox 435 1319 694 1392; x_wconf 87' lang='lat' dir='ltr'>Bonaventura</span> <span class='ocrx_word' id='word_1_33' title='bbox 723 1318 932 1391; x_wconf 79' lang='lat' dir='ltr'>Caralerius</span> <span class='ocrx_word' id='word_1_34' title='bbox 958 1318 997 1391; x_wconf 92' lang='lat' dir='ltr'>in</span> <span class='ocrx_word' id='word_1_35' title='bbox 1023 1317 1111 1390; x_wconf 87' lang='lat' dir='ltr'>doc-</span> 
     </span>
    </p>

    <p class='ocr_par' dir='ltr' id='par_1_5' title="bbox 69 1430 1113 1759">
     <span class='ocr_line' id='line_1_7' title="bbox 69 1430 1112 1517; baseline -0.005 -10"><span class='ocrx_word' id='word_1_36' title='bbox 69 1435 162 1507; x_wconf 88' lang='lat' dir='ltr'>trina</span> <span class='ocrx_word' id='word_1_37' title='bbox 191 1430 483 1506; x_wconf 72' lang='lat' dir='ltr'>indivisibilium</span> <span class='ocrx_word' id='word_1_38' title='bbox 515 1455 603 1504; x_wconf 90' lang='lat' dir='ltr'>usus</span> <span class='ocrx_word' id='word_1_39' title='bbox 632 1442 701 1517; x_wconf 87' lang='lat' dir='ltr'>est,</span> <span class='ocrx_word' id='word_1_40' title='bbox 727 1432 917 1504; x_wconf 90' lang='lat' dir='ltr'>habebunt</span> <span class='ocrx_word' id='word_1_41' title='bbox 945 1432 1043 1503; x_wconf 90' lang='lat' dir='ltr'>inter</span> <span class='ocrx_word' id='word_1_42' title='bbox 1073 1453 1112 1502; x_wconf 89' lang='lat' dir='ltr'>se</span> 
     </span>
     <span class='ocr_line' id='line_1_8' title="bbox 69 1542 1113 1642; baseline -0.007 -21"><span class='ocrx_word' id='word_1_43' title='bbox 69 1548 249 1621; x_wconf 89' lang='lat' dir='ltr'>rationem</span> <span class='ocrx_word' id='word_1_44' title='bbox 270 1546 385 1619; x_wconf 90' lang='lat' dir='ltr'>etiam</span> <span class='ocrx_word' id='word_1_45' title='bbox 403 1544 512 1618; x_wconf 82' lang='lat' dir='ltr'>linaae</span> <span class='ocrx_word' id='word_1_46' title='bbox 532 1553 646 1618; x_wconf 77' lang='lat' dir='ltr'>recta</span> <span class='ocrx_word' id='word_1_47' title='bbox 668 1557 707 1617; x_wconf 90' lang='lat' dir='ltr'>et</span> <span class='ocrx_word' id='word_1_48' title='bbox 728 1545 946 1642; x_wconf 75' lang='lat' dir='ltr'>superficies</span> <span class='ocrx_word' id='word_1_49' title='bbox 960 1542 1113 1641; x_wconf 75' lang='lat' dir='ltr'>planca,-</span> 
     </span>
     <span class='ocr_line' id='line_1_9' title="bbox 69 1656 1113 1759; baseline -0.007 -24"><span class='ocrx_word' id='word_1_50' title='bbox 69 1672 246 1757; x_wconf 88' lang='lat' dir='ltr'>poterunt</span> <span class='ocrx_word' id='word_1_51' title='bbox 267 1658 368 1732; x_wconf 90' lang='lat' dir='ltr'>enim</span> <span class='ocrx_word' id='word_1_52' title='bbox 392 1657 484 1731; x_wconf 79' lang='lat' dir='ltr'>tales</span> <span class='ocrx_word' id='word_1_53' title='bbox 506 1658 614 1731; x_wconf 84' lang='lat' dir='ltr'>lineae</span> <span class='ocrx_word' id='word_1_54' title='bbox 637 1657 889 1759; x_wconf 73' lang='lat' dir='ltr'>multiplicatae</span> <span class='ocrx_word' id='word_1_55' title='bbox 911 1656 1113 1754; x_wconf 87' lang='lat' dir='ltr'>quamlibet</span> 
     </span>
    </p>

    <p class='ocr_par' dir='ltr' id='par_1_6' title="bbox 70 1771 827 1870">
     <span class='ocr_line' id='line_1_10' title="bbox 70 1771 827 1870; baseline -0.007 -22"><span class='ocrx_word' id='word_1_56' title='bbox 70 1773 210 1848; x_wconf 89' lang='lat' dir='ltr'>finitam</span> <span class='ocrx_word' id='word_1_57' title='bbox 227 1771 460 1870; x_wconf 88' lang='lat' dir='ltr'>superficiem</span> <span class='ocrx_word' id='word_1_58' title='bbox 476 1771 625 1869; x_wconf 88' lang='lat' dir='ltr'>planam</span> <span class='ocrx_word' id='word_1_59' title='bbox 642 1794 827 1867; x_wconf 89' lang='lat' dir='ltr'>superare.</span> 
     </span>
    </p>

    <p class='ocr_par' dir='ltr' id='par_1_7' title="bbox 73 1879 1117 2659">
     <span class='ocr_line' id='line_1_11' title="bbox 117 1879 1115 1960; baseline -0.001 0"><span class='ocrx_word' id='word_1_60' title='bbox 117 1885 168 1960; x_wconf 91' lang='lat' dir='ltr'>B.</span> <span class='ocrx_word' id='word_1_61' title='bbox 195 1885 293 1959; x_wconf 92' lang='lat' dir='ltr'>Mihi</span> <span class='ocrx_word' id='word_1_62' title='bbox 308 1897 435 1958; x_wconf 87' lang='lat' dir='ltr'>tamen</span> <span class='ocrx_word' id='word_1_63' title='bbox 457 1884 622 1959; x_wconf 89' lang='lat' dir='ltr'>definitio</span> <span class='ocrx_word' id='word_1_64' title='bbox 648 1886 729 1959; x_wconf 87' lang='lat' dir='ltr'>haec</span> <span class='ocrx_word' id='word_1_65' title='bbox 751 1879 934 1957; x_wconf 82' lang='lat' dir='ltr'>ra‘lionam</span> <span class='ocrx_word' id='word_1_66' title='bbox 958 1884 1056 1956; x_wconf 83' lang='lat' dir='ltr'>inter</span> <span class='ocrx_word' id='word_1_67' title='bbox 1072 1905 1115 1959; x_wconf 81' lang='lat' dir='ltr'>aa</span> 
     </span>
     <span class='ocr_line' id='line_1_12' title="bbox 73 1996 1115 2094; baseline -0.004 -20"><span class='ocrx_word' id='word_1_68' title='bbox 73 1998 286 2088; x_wconf 71' lang='lat' dir='ltr'>labentium</span> <span class='ocrx_word' id='word_1_69' title='bbox 304 2021 352 2071; x_wconf 90' lang='lat' dir='ltr'>ne</span> <span class='ocrx_word' id='word_1_70' title='bbox 366 1997 580 2094; x_wconf 88' lang='lat' dir='ltr'>sicquidem</span> <span class='ocrx_word' id='word_1_71' title='bbox 593 1997 740 2070; x_wconf 85' lang='lat' dir='ltr'>videtur</span> <span class='ocrx_word' id='word_1_72' title='bbox 756 2010 951 2081; x_wconf 87' lang='lat' dir='ltr'>accurata;</span> <span class='ocrx_word' id='word_1_73' title='bbox 976 1996 1115 2070; x_wconf 89' lang='lat' dir='ltr'>habent</span> 
     </span>
     <span class='ocr_line' id='line_1_13' title="bbox 75 2108 1116 2206; baseline -0.006 -20"><span class='ocrx_word' id='word_1_74' title='bbox 75 2113 166 2186; x_wconf 88' lang='lat' dir='ltr'>enim</span> <span class='ocrx_word' id='word_1_75' title='bbox 183 2112 371 2186; x_wconf 89' lang='lat' dir='ltr'>rationem</span> <span class='ocrx_word' id='word_1_76' title='bbox 388 2111 487 2184; x_wconf 89' lang='lat' dir='ltr'>inter</span> <span class='ocrx_word' id='word_1_77' title='bbox 503 2135 542 2185; x_wconf 90' lang='lat' dir='ltr'>se</span> <span class='ocrx_word' id='word_1_78' title='bbox 556 2134 738 2184; x_wconf 83' lang='lat' dir='ltr'>mensurae</span> <span class='ocrx_word' id='word_1_79' title='bbox 753 2108 1007 2206; x_wconf 86' lang='lat' dir='ltr'>longitudinis,</span> <span class='ocrx_word' id='word_1_80' title='bbox 1024 2119 1116 2181; x_wconf 90' lang='lat' dir='ltr'>tem·</span> 
     </span>
     <span class='ocr_line' id='line_1_14' title="bbox 75 2222 1116 2321; baseline -0.005 -23"><span class='ocrx_word' id='word_1_81' title='bbox 75 2226 181 2321; x_wconf 89' lang='lat' dir='ltr'>poris,</span> <span class='ocrx_word' id='word_1_82' title='bbox 200 2236 241 2297; x_wconf 86' lang='lat' dir='ltr'>et</span> <span class='ocrx_word' id='word_1_83' title='bbox 258 2234 407 2307; x_wconf 68' lang='lat' dir='ltr'>motum</span> <span class='ocrx_word' id='word_1_84' title='bbox 434 2235 471 2296; x_wconf 92' lang='lat' dir='ltr'>et</span> <span class='ocrx_word' id='word_1_85' title='bbox 487 2235 641 2321; x_wconf 87' lang='lat' dir='ltr'>possunt</span> <span class='ocrx_word' id='word_1_86' title='bbox 659 2222 911 2318; x_wconf 85' lang='lat' dir='ltr'>multiplicatae</span> <span class='ocrx_word' id='word_1_87' title='bbox 929 2245 969 2294; x_wconf 92' lang='lat' dir='ltr'>se</span> <span class='ocrx_word' id='word_1_88' title='bbox 987 2233 1116 2294; x_wconf 91' lang='lat' dir='ltr'>mutuo</span> 
     </span>
     <span class='ocr_line' id='line_1_15' title="bbox 78 2334 1117 2434; baseline -0.002 -24"><span class='ocrx_word' id='word_1_89' title='bbox 78 2360 258 2434; x_wconf 83' lang='lat' dir='ltr'>superare.</span> <span class='ocrx_word' id='word_1_90' title='bbox 310 2338 489 2410; x_wconf 87' lang='lat' dir='ltr'>Attamen</span> <span class='ocrx_word' id='word_1_91' title='bbox 517 2335 616 2410; x_wconf 88' lang='lat' dir='ltr'>inter</span> <span class='ocrx_word' id='word_1_92' title='bbox 641 2336 776 2409; x_wconf 89' lang='lat' dir='ltr'>lineam</span> <span class='ocrx_word' id='word_1_93' title='bbox 803 2348 843 2407; x_wconf 87' lang='lat' dir='ltr'>et</span> <span class='ocrx_word' id='word_1_94' title='bbox 868 2346 1026 2432; x_wconf 87' lang='lat' dir='ltr'>tempus,</span> <span class='ocrx_word' id='word_1_95' title='bbox 1058 2334 1117 2408; x_wconf 90' lang='lat' dir='ltr'>vel</span> 
     </span>
     <span class='ocr_line' id='line_1_16' title="bbox 79 2447 1117 2537; baseline -0.002 -15"><span class='ocrx_word' id='word_1_96' title='bbox 79 2451 167 2524; x_wconf 91' lang='lat' dir='ltr'>inter</span> <span class='ocrx_word' id='word_1_97' title='bbox 195 2450 336 2524; x_wconf 89' lang='lat' dir='ltr'>lineam</span> <span class='ocrx_word' id='word_1_98' title='bbox 366 2459 404 2522; x_wconf 87' lang='lat' dir='ltr'>ct</span> <span class='ocrx_word' id='word_1_99' title='bbox 430 2461 585 2537; x_wconf 88' lang='lat' dir='ltr'>motum,</span> <span class='ocrx_word' id='word_1_100' title='bbox 614 2449 797 2523; x_wconf 89' lang='lat' dir='ltr'>rationem</span> <span class='ocrx_word' id='word_1_101' title='bbox 831 2471 911 2522; x_wconf 88' lang='lat' dir='ltr'>esse</span> <span class='ocrx_word' id='word_1_102' title='bbox 942 2447 1015 2521; x_wconf 92' lang='lat' dir='ltr'>dici</span> <span class='ocrx_word' id='word_1_103' title='bbox 1042 2471 1117 2520; x_wconf 94' lang='lat' dir='ltr'>non</span> 
     </span>
     <span class='ocr_line' id='line_1_17' title="bbox 79 2574 205 2659; baseline 0.008 -21"><span class='ocrx_word' id='word_1_104' title='bbox 79 2574 205 2659; x_wconf 84' lang='lat' dir='ltr'>potest.</span> 
     </span>
    </p>

    <p class='ocr_par' dir='ltr' id='par_1_8' title="bbox 81 2673 1122 3114">
     <span class='ocr_line' id='line_1_18' title="bbox 121 2673 1121 2773; baseline -0.003 -22"><span class='ocrx_word' id='word_1_105' title='bbox 121 2678 171 2751; x_wconf 79' lang='lat' dir='ltr'>A.</span> <span class='ocrx_word' id='word_1_106' title='bbox 197 2676 327 2750; x_wconf 87' lang='lat' dir='ltr'>Potest</span> <span class='ocrx_word' id='word_1_107' title='bbox 344 2673 492 2771; x_wconf 87' lang='lat' dir='ltr'>quidem</span> <span class='ocrx_word' id='word_1_108' title='bbox 509 2698 584 2749; x_wconf 92' lang='lat' dir='ltr'>non</span> <span class='ocrx_word' id='word_1_109' title='bbox 601 2675 724 2749; x_wconf 86' lang='lat' dir='ltr'>minus</span> <span class='ocrx_word' id='word_1_110' title='bbox 744 2675 830 2766; x_wconf 92' lang='lat' dir='ltr'>dici,</span> <span class='ocrx_word' id='word_1_111' title='bbox 852 2699 966 2773; x_wconf 88' lang='lat' dir='ltr'>quarn</span> <span class='ocrx_word' id='word_1_112' title='bbox 986 2674 1121 2748; x_wconf 83' lang='lat' dir='ltr'>lineam</span> 
     </span>
     <span class='ocr_line' id='line_1_19' title="bbox 81 2787 1119 2886; baseline -0.002 -22"><span class='ocrx_word' id='word_1_113' title='bbox 81 2815 153 2864; x_wconf 78' lang='lat' dir='ltr'>erre</span> <span class='ocrx_word' id='word_1_114' title='bbox 177 2800 335 2886; x_wconf 72' lang='lat' dir='ltr'>tempas.</span> <span class='ocrx_word' id='word_1_115' title='bbox 388 2787 462 2862; x_wconf 87' lang='lat' dir='ltr'>Sed</span> <span class='ocrx_word' id='word_1_116' title='bbox 489 2788 729 2863; x_wconf 84' lang='lat' dir='ltr'>Archimedes</span> <span class='ocrx_word' id='word_1_117' title='bbox 758 2789 892 2886; x_wconf 85' lang='lat' dir='ltr'>aliique</span> <span class='ocrx_word' id='word_1_118' title='bbox 918 2800 1119 2886; x_wconf 86' lang='lat' dir='ltr'>geometrae</span> 
     </span>
     <span class='ocr_line' id='line_1_20' title="bbox 81 2902 1120 3001; baseline -0.002 -25"><span class='ocrx_word' id='word_1_119' title='bbox 81 2927 146 2978; x_wconf 91' lang='lat' dir='ltr'>non</span> <span class='ocrx_word' id='word_1_120' title='bbox 162 2902 287 3000; x_wconf 89' lang='lat' dir='ltr'>pauci,</span> <span class='ocrx_word' id='word_1_121' title='bbox 311 2925 398 2976; x_wconf 87' lang='lat' dir='ltr'>curn</span> <span class='ocrx_word' id='word_1_122' title='bbox 419 2914 565 3000; x_wconf 88' lang='lat' dir='ltr'>tempus</span> <span class='ocrx_word' id='word_1_123' title='bbox 586 2927 770 3001; x_wconf 86' lang='lat' dir='ltr'>exponere</span> <span class='ocrx_word' id='word_1_124' title='bbox 786 2903 926 2993; x_wconf 90' lang='lat' dir='ltr'>volunt,</span> <span class='ocrx_word' id='word_1_125' title='bbox 951 2913 1042 2991; x_wconf 78' lang='lat' dir='ltr'>erto,</span> <span class='ocrx_word' id='word_1_126' title='bbox 1064 2903 1120 2975; x_wconf 90' lang='lat' dir='ltr'>in·</span> 
     </span>
     <span class='ocr_line' id='line_1_21' title="bbox 82 3015 1122 3114; baseline -0.004 -22"><span class='ocrx_word' id='word_1_127' title='bbox 82 3018 218 3113; x_wconf 90' lang='lat' dir='ltr'>quiunt,</span> <span class='ocrx_word' id='word_1_128' title='bbox 235 3015 309 3089; x_wconf 83' lang='lat' dir='ltr'>AB</span> <span class='ocrx_word' id='word_1_129' title='bbox 327 3024 494 3112; x_wconf 70' lang='lat' dir='ltr'>tempta:</span> <span class='ocrx_word' id='word_1_130' title='bbox 521 3038 612 3111; x_wconf 87' lang='lat' dir='ltr'>quos</span> <span class='ocrx_word' id='word_1_131' title='bbox 626 3041 697 3114; x_wconf 89' lang='lat' dir='ltr'>ego</span> <span class='ocrx_word' id='word_1_132' title='bbox 713 3016 874 3113; x_wconf 89' lang='lat' dir='ltr'>culpare,</span> <span class='ocrx_word' id='word_1_133' title='bbox 892 3041 976 3090; x_wconf 91' lang='lat' dir='ltr'>cum</span> <span class='ocrx_word' id='word_1_134' title='bbox 995 3038 1122 3089; x_wconf 89' lang='lat' dir='ltr'>omnes</span> 
     </span>
    </p>

    <p class='ocr_par' dir='ltr' id='par_1_9' title="bbox 10 3126 1093 3317">
     <span class='ocr_line' id='line_1_22' title="bbox 10 3126 1093 3227; baseline -0.002 -25"><span class='ocrx_word' id='word_1_135' title='bbox 10 3204 12 3211; x_wconf 80' lang='grc'>,</span> <span class='ocrx_word' id='word_1_136' title='bbox 82 3129 330 3227; x_wconf 88' lang='lat' dir='ltr'>loquutionem</span> <span class='ocrx_word' id='word_1_137' title='bbox 347 3126 447 3200; x_wconf 88' lang='lat' dir='ltr'>illam</span> <span class='ocrx_word' id='word_1_138' title='bbox 462 3126 558 3200; x_wconf 91' lang='lat' dir='ltr'>bene</span> <span class='ocrx_word' id='word_1_139' title='bbox 575 3127 796 3226; x_wconf 86' lang='lat' dir='ltr'>intelligant,</span> <span class='ocrx_word' id='word_1_140' title='bbox 813 3153 889 3203; x_wconf 92' lang='lat' dir='ltr'>non</span> <span class='ocrx_word' id='word_1_141' title='bbox 907 3128 1093 3202; x_wconf 87' lang='lat' dir='ltr'>auderem.</span> 
     </span>
     <span class='ocr_line' id='line_1_23' title="bbox 10 3238 573 3317; baseline -0.007 0"><span class='ocrx_word' id='word_1_142' title='bbox 10 3280 13 3317; x_wconf 72' lang='lat' dir='ltr'>e</span> <span class='ocrx_word' id='word_1_143' title='bbox 126 3243 176 3315; x_wconf 92' lang='lat' dir='ltr'>B.</span> <span class='ocrx_word' id='word_1_144' title='bbox 201 3239 392 3315; x_wconf 85' lang='lat' dir='ltr'>Wallisius</span> <span class='ocrx_word' id='word_1_145' title='bbox 409 3238 573 3313; x_wconf 90' lang='lat' dir='ltr'>auderet.</span> 
     </span>
    </p>

    <p class='ocr_par' dir='ltr' id='par_1_10' title="bbox 82 3353 1122 3544">
     <span class='ocr_line' id='line_1_24' title="bbox 125 3353 1122 3452; baseline 0 -23"><span class='ocrx_word' id='word_1_146' title='bbox 125 3357 175 3430; x_wconf 87' lang='lat' dir='ltr'>A.</span> <span class='ocrx_word' id='word_1_147' title='bbox 201 3353 380 3429; x_wconf 88' lang='lat' dir='ltr'>Definitio</span> <span class='ocrx_word' id='word_1_148' title='bbox 398 3364 502 3428; x_wconf 83' lang='lat' dir='ltr'>sexta</span> <span class='ocrx_word' id='word_1_149' title='bbox 519 3366 576 3427; x_wconf 91' lang='lat' dir='ltr'>est</span> <span class='ocrx_word' id='word_1_150' title='bbox 593 3355 757 3451; x_wconf 71' lang='lat' dir='ltr'>ejusdam</span> <span class='ocrx_word' id='word_1_151' title='bbox 774 3355 945 3444; x_wconf 75' lang='lat' dir='ltr'>rationis,</span> <span class='ocrx_word' id='word_1_152' title='bbox 969 3378 1053 3452; x_wconf 85' lang='lat' dir='ltr'>quae</span> <span class='ocrx_word' id='word_1_153' title='bbox 1069 3356 1122 3430; x_wconf 91' lang='lat' dir='ltr'>sic</span> 
     </span>
     <span class='ocr_line' id='line_1_25' title="bbox 82 3471 259 3544; baseline -0.011 0"><span class='ocrx_word' id='word_1_154' title='bbox 82 3471 259 3544; x_wconf 88' lang='lat' dir='ltr'>sehabet.</span> 
     </span>
    </p>

    <p class='ocr_par' dir='ltr' id='par_1_11' title="bbox 75 3580 1126 4134">
     <span class='ocr_line' id='line_1_26' title="bbox 126 3580 1124 3680; baseline 0 -23"><span class='ocrx_word' id='word_1_155' title='bbox 126 3584 174 3657; x_wconf 89' lang='lat' dir='ltr'>B.</span> <span class='ocrx_word' id='word_1_156' title='bbox 203 3582 302 3656; x_wconf 89' lang='lat' dir='ltr'>Siste</span> <span class='ocrx_word' id='word_1_157' title='bbox 327 3580 484 3677; x_wconf 90' lang='lat' dir='ltr'>gradum</span> <span class='ocrx_word' id='word_1_158' title='bbox 509 3581 706 3677; x_wconf 86' lang='lat' dir='ltr'>paulisper.</span> <span class='ocrx_word' id='word_1_159' title='bbox 759 3581 893 3655; x_wconf 89' lang='lat' dir='ltr'>Nonne</span> <span class='ocrx_word' id='word_1_160' title='bbox 917 3582 1124 3680; x_wconf 87' lang='lat' dir='ltr'>analogiam</span> 
     </span>
     <span class='ocr_line' id='line_1_27' title="bbox 81 3693 1125 3784; baseline -0.003 -13"><span class='ocrx_word' id='word_1_161' title='bbox 81 3696 188 3771; x_wconf 91' lang='lat' dir='ltr'>modo</span> <span class='ocrx_word' id='word_1_162' title='bbox 206 3694 374 3769; x_wconf 87' lang='lat' dir='ltr'>definivit</span> <span class='ocrx_word' id='word_1_163' title='bbox 390 3693 573 3784; x_wconf 86' lang='lat' dir='ltr'>Euclides,</span> <span class='ocrx_word' id='word_1_164' title='bbox 602 3717 682 3768; x_wconf 89' lang='lat' dir='ltr'>esse</span> <span class='ocrx_word' id='word_1_165' title='bbox 707 3694 985 3769; x_wconf 89' lang='lat' dir='ltr'>similitudinem</span> <span class='ocrx_word' id='word_1_166' title='bbox 1011 3697 1125 3770; x_wconf 88' lang='lat' dir='ltr'>ratio-</span> 
     </span>
     <span class='ocr_line' id='line_1_28' title="bbox 81 3806 1125 3884; baseline -0.004 0"><span class='ocrx_word' id='word_1_167' title='bbox 81 3809 195 3884; x_wconf 80' lang='lat' dir='ltr'>num?</span> <span class='ocrx_word' id='word_1_168' title='bbox 247 3806 464 3881; x_wconf 77' lang='lat' dir='ltr'>Similitudo</span> <span class='ocrx_word' id='word_1_169' title='bbox 480 3819 606 3881; x_wconf 90' lang='lat' dir='ltr'>autem</span> <span class='ocrx_word' id='word_1_170' title='bbox 623 3806 808 3880; x_wconf 79' lang='lat' dir='ltr'>rationum</span> <span class='ocrx_word' id='word_1_171' title='bbox 824 3819 862 3881; x_wconf 90' lang='lat' dir='ltr'>et</span> <span class='ocrx_word' id='word_1_172' title='bbox 879 3808 1008 3882; x_wconf 73' lang='lat' dir='ltr'>eadem</span> <span class='ocrx_word' id='word_1_173' title='bbox 1025 3808 1125 3882; x_wconf 82' lang='lat' dir='ltr'>ratio</span> 
     </span>
     <span class='ocr_line' id='line_1_29' title="bbox 81 3919 1126 4020; baseline -0.004 -21"><span class='ocrx_word' id='word_1_174' title='bbox 81 3924 208 3998; x_wconf 88' lang='lat' dir='ltr'>eadem</span> <span class='ocrx_word' id='word_1_175' title='bbox 225 3933 287 3995; x_wconf 88' lang='lat' dir='ltr'>est</span> <span class='ocrx_word' id='word_1_176' title='bbox 303 3944 374 3994; x_wconf 92' lang='lat' dir='ltr'>res.</span> <span class='ocrx_word' id='word_1_177' title='bbox 424 3919 582 3994; x_wconf 89' lang='lat' dir='ltr'>Videtur</span> <span class='ocrx_word' id='word_1_178' title='bbox 598 3945 688 4018; x_wconf 88' lang='lat' dir='ltr'>ergo</span> <span class='ocrx_word' id='word_1_179' title='bbox 705 3921 796 3993; x_wconf 93' lang='lat' dir='ltr'>mihi</span> <span class='ocrx_word' id='word_1_180' title='bbox 813 3921 1032 4020; x_wconf 84' lang='lat' dir='ltr'>analogiam</span> <span class='ocrx_word' id='word_1_181' title='bbox 1049 3923 1126 3996; x_wconf 89' lang='lat' dir='ltr'>sive</span> 
     </span>
     <span class='ocr_line' id='line_1_30' title="bbox 75 4032 879 4134; baseline -0.004 -24"><span class='ocrx_word' id='word_1_182' title='bbox 75 4034 360 4134; x_wconf 82' lang='lat' dir='ltr'>proportionem</span> <span class='ocrx_word' id='word_1_183' title='bbox 376 4033 448 4106; x_wconf 94' lang='lat' dir='ltr'>hoc</span> <span class='ocrx_word' id='word_1_184' title='bbox 464 4032 545 4107; x_wconf 92' lang='lat' dir='ltr'>loco</span> <span class='ocrx_word' id='word_1_185' title='bbox 563 4033 696 4106; x_wconf 91' lang='lat' dir='ltr'>iterum</span> <span class='ocrx_word' id='word_1_186' title='bbox 715 4033 879 4107; x_wconf 91' lang='lat' dir='ltr'>definire.</span> 
     </span>
    </p>

    <p class='ocr_par' dir='ltr' id='par_1_12' title="bbox 129 4145 1126 4242">
     <span class='ocr_line' id='line_1_31' title="bbox 129 4145 1126 4242; baseline -0.005 -19"><span class='ocrx_word' id='word_1_187' title='bbox 129 4149 179 4223; x_wconf 84' lang='lat' dir='ltr'>A.</span> <span class='ocrx_word' id='word_1_188' title='bbox 206 4147 377 4221; x_wconf 90' lang='lat' dir='ltr'>Minime.</span> <span class='ocrx_word' id='word_1_189' title='bbox 430 4145 532 4219; x_wconf 94' lang='lat' dir='ltr'>Nihil</span> <span class='ocrx_word' id='word_1_190' title='bbox 558 4145 619 4220; x_wconf 89' lang='lat' dir='ltr'>hic</span> <span class='ocrx_word' id='word_1_191' title='bbox 646 4157 834 4242; x_wconf 88' lang='lat' dir='ltr'>peccatur.</span> <span class='ocrx_word' id='word_1_192' title='bbox 888 4147 988 4222; x_wconf 78' lang='lat' dir='ltr'>Quid</span> <span class='ocrx_word' id='word_1_193' title='bbox 1016 4148 1126 4236; x_wconf 90' lang='lat' dir='ltr'>enim,</span> 
     </span>
    </p>
   </div>
   <div class='ocr_carea' id='block_1_3' title="bbox 80 4256 1128 4697">
    <p class='ocr_par' dir='ltr' id='par_1_13' title="bbox 80 4256 1128 4697">
     <span class='ocr_line' id='line_1_32' title="bbox 81 4256 1126 4359; baseline -0.005 -24"><span class='ocrx_word' id='word_1_194' title='bbox 81 4261 220 4359; x_wconf 90' lang='lat' dir='ltr'>siquis</span> <span class='ocrx_word' id='word_1_195' title='bbox 247 4258 426 4332; x_wconf 79' lang='lat' dir='ltr'>hominem</span> <span class='ocrx_word' id='word_1_196' title='bbox 453 4256 624 4330; x_wconf 90' lang='lat' dir='ltr'>definiret</span> <span class='ocrx_word' id='word_1_197' title='bbox 650 4281 728 4330; x_wconf 89' lang='lat' dir='ltr'>esse</span> <span class='ocrx_word' id='word_1_198' title='bbox 758 4257 899 4331; x_wconf 89' lang='lat' dir='ltr'>animal</span> <span class='ocrx_word' id='word_1_199' title='bbox 926 4257 1126 4342; x_wconf 83' lang='lat' dir='ltr'>rationale,</span> 
     </span>
     <span class='ocr_line' id='line_1_33' title="bbox 80 4369 1127 4473; baseline -0.007 -24"><span class='ocrx_word' id='word_1_200' title='bbox 80 4375 176 4473; x_wconf 90' lang='lat' dir='ltr'>apud</span> <span class='ocrx_word' id='word_1_201' title='bbox 192 4372 342 4448; x_wconf 86' lang='lat' dir='ltr'>nescios</span> <span class='ocrx_word' id='word_1_202' title='bbox 360 4369 449 4467; x_wconf 94' lang='lat' dir='ltr'>quid</span> <span class='ocrx_word' id='word_1_203' title='bbox 463 4369 604 4444; x_wconf 86' lang='lat' dir='ltr'>animal</span> <span class='ocrx_word' id='word_1_204' title='bbox 618 4369 806 4443; x_wconf 81' lang='lat' dir='ltr'>rationale</span> <span class='ocrx_word' id='word_1_205' title='bbox 823 4370 944 4444; x_wconf 82' lang='lat' dir='ltr'>esset?</span> <span class='ocrx_word' id='word_1_206' title='bbox 997 4372 1127 4466; x_wconf 89' lang='lat' dir='ltr'>ltaque</span> 
     </span>
     <span class='ocr_line' id='line_1_34' title="bbox 80 4483 1127 4582; baseline -0.008 -18"><span class='ocrx_word' id='word_1_207' title='bbox 80 4491 115 4563; x_wconf 91' lang='lat' dir='ltr'>in</span> <span class='ocrx_word' id='word_1_208' title='bbox 130 4486 350 4564; x_wconf 88' lang='lat' dir='ltr'>definitione</span> <span class='ocrx_word' id='word_1_209' title='bbox 364 4485 433 4559; x_wconf 89' lang='lat' dir='ltr'>hac</span> <span class='ocrx_word' id='word_1_210' title='bbox 451 4497 556 4558; x_wconf 89' lang='lat' dir='ltr'>sexta</span> <span class='ocrx_word' id='word_1_211' title='bbox 573 4483 665 4557; x_wconf 92' lang='lat' dir='ltr'>illud</span> <span class='ocrx_word' id='word_1_212' title='bbox 679 4485 767 4581; x_wconf 86' lang='lat' dir='ltr'>agit,</span> <span class='ocrx_word' id='word_1_213' title='bbox 782 4495 823 4557; x_wconf 92' lang='lat' dir='ltr'>ut</span> <span class='ocrx_word' id='word_1_214' title='bbox 833 4484 1127 4582; x_wconf 81' lang='lat' dir='ltr'>proportionem,</span> 
     </span>
     <span class='ocr_line' id='line_1_35' title="bbox 82 4598 1128 4697; baseline -0.006 -20"><span class='ocrx_word' id='word_1_215' title='bbox 82 4604 155 4678; x_wconf 86' lang='lat' dir='ltr'>sive</span> <span class='ocrx_word' id='word_1_216' title='bbox 172 4600 332 4679; x_wconf 79' lang='lat' dir='ltr'>eandem</span> <span class='ocrx_word' id='word_1_217' title='bbox 348 4600 541 4689; x_wconf 85' lang='lat' dir='ltr'>rationem,</span> <span class='ocrx_word' id='word_1_218' title='bbox 562 4621 630 4697; x_wconf 87' lang='lat' dir='ltr'>per</span> <span class='ocrx_word' id='word_1_219' title='bbox 645 4599 922 4695; x_wconf 88' lang='lat' dir='ltr'>generationem</span> <span class='ocrx_word' id='word_1_220' title='bbox 943 4600 1021 4695; x_wconf 88' lang='lat' dir='ltr'>ejus</span> <span class='ocrx_word' id='word_1_221' title='bbox 1038 4598 1128 4672; x_wconf 90' lang='lat' dir='ltr'>defi·</span> 
     </span>
    </p>
   </div>
   <div class='ocr_carea' id='block_1_4' title="bbox 0 0 1327 5092">
    <p class='ocr_par' dir='ltr' id='par_1_14' title="bbox 0 0 1327 5092">
     <span class='ocr_line' id='line_1_36' title="bbox 0 0 1327 5092; baseline 0 0"><span class='ocrx_word' id='word_1_222' title='bbox 0 0 1327 5092; x_wconf 95' lang='lat' dir='ltr'> </span> 
     </span>
    </p>
   </div>
  </div>
 </body>
</html>
