2618 5092
288 659 605 716 urrnnuurrcm
624 661 871 714 noornuun.
1033 648 1096 713 101

79 827 214 922 equales
236 829 335 902 inter
362 852 403 902 se
431 830 514 918 AB,
543 828 616 918 CF,
647 829 730 924 (per
757 828 902 901 axioma
931 838 1102 901 octavum
1134 856 1281 898 onuoom

76 941 237 1016 Elementi
254 943 367 1038 primi
384 942 564 1036 Euolidis)
585 953 622 1015 et
647 942 804 1038 angulus
828 941 930 1014 BFC
952 942 1103 1037 aequalis
1142 937 1281 1041 ,ᾖξ’-ὀ

75 1055 190 1150 ungulo
219 1056 351 1144 BAC,
376 1057 458 1152 (per
484 1055 588 1129 Euol.
617 1055 641 1128 i.
673 1056 727 1148 4.)
796 1055 872 1129 Qui
901 1067 1026 1128 nutem
1054 1056 1103 1129 od

73 1180 233 1264 puuctum
249 1169 282 1242 B
299 1171 339 1243 in
357 1180 459 1244 recta
475 1169 573 1242 lineo
584 1169 655 1242 DF
672 1168 948 1242 constituuntur
964 1170 1102 1265 anguli,

72 1306 179 1355 omnes
196 1284 308 1357 simul
331 1283 489 1379 aequales
515 1295 602 1356 sunt
626 1282 797 1355 omnibus
824 1282 932 1354 simul
957 1283 1102 1379 angulis

72 1395 268 1469 constitutis
285 1394 333 1468 ad
349 1410 528 1491 punctum
545 1396 574 1468 C
593 1396 633 1468 in
650 1410 753 1468 recta
769 1395 838 1468 Ac
855 1396 1037 1491 producta
1053 1397 1101 1471 ad

71 1506 103 1580 G,
149 1509 248 1582 Nam
279 1520 403 1604 partes
432 1509 541 1583 simul
571 1532 699 1582 omnes
726 1508 885 1605 aequales
913 1522 1001 1582 sunt
1030 1509 1101 1581 toti

70 1623 264 1718 utrobique.
328 1621 421 1695 Cum
451 1644 540 1718 ergo
568 1622 724 1716 angulus
753 1621 854 1694 BCF
876 1622 1026 1718 aequnlis
1053 1622 1101 1694 sit

70 1735 189 1831 rogulo
209 1734 330 1823 ABC,
355 1747 394 1806 et
415 1735 518 1808 FBC
535 1733 685 1830 aequnlis
704 1733 822 1822 BOA,
845 1733 916 1806 erit
938 1734 1101 1830 reliquus

70 1846 155 1923 ico
170 1848 327 1944 aequolis
340 1847 481 1944 reliquo
494 1849 606 1922 DBA
624 1848 701 1920 sive
720 1847 838 1920 Bne.
880 1848 975 1920 Sunt
987 1849 1102 1943 igitur

70 1972 165 2034 reotae
182 1960 269 2049 AB,
289 1960 366 2050 CF,
388 1984 470 2056 quae
497 1972 653 2033 ostensae
681 1970 766 2032 sunt
794 1959 965 2056 aequales,
996 1960 1101 2032 inoli-

68 2085 151 2146 nutae
166 2072 216 2147 ad
235 2072 385 2146 easdem
399 2084 523 2169 partes
539 2072 741 2146 secundum
758 2072 913 2169 angulos
930 2073 1101 2169 aequales,

68 2185 243 2260 Purallelae
271 2197 397 2259 nutem
428 2186 505 2259 sive
535 2186 813 2282 aequidistantes
843 2186 948 2258 lineae
973 2186 1101 2260 defini-

67 2312 167 2374 untur
183 2324 266 2374 esse
287 2299 373 2388 illae,
392 2324 475 2396 quae
493 2300 539 2373 ab
563 2299 766 2396 aequalibus
784 2299 895 2371 rectis
912 2300 1102 2395 aequaliter

68 2412 105 2486 nd
120 2414 269 2487 easdem
285 2426 411 2509 partes
427 2413 614 2487 inclinatis
631 2413 866 2487 distinentur.
914 2413 1101 2488 Parallelae

66 2549 142 2624 ergo
171 2540 262 2601 sunt
291 2526 370 2614 BF,
400 2526 482 2599 Ac,
546 2527 669 2622 Atque
697 2528 874 2599 haetenus
905 2528 1101 2600 ratiocina-

66 2639 204 2728 tionem,
229 2663 306 2736 qua
328 2651 405 2712 tres
426 2639 551 2735 anguli
567 2640 743 2735 trianguli
760 2639 941 2713 rectilinei
958 2640 1101 2714 duobus

65 2754 165 2827 rectis
192 2752 354 2849 aequales
381 2775 460 2825 esse
491 2751 804 2840 demonstrantur,
833 2754 871 2824 in
901 2767 1026 2849 partes
1056 2778 1101 2827 ex

65 2867 188 2962 quibus
200 2878 283 2939 erat
294 2866 741 2961 compositoresolvimus3
760 2890 842 2962 quae
853 2866 1023 2964 anatysts
1034 2881 1100 2940 est.

105 2977 149 3050 B.
178 2977 377 3054 Quomodo
395 2990 518 3052 autem
536 3002 582 3051 ex
599 2978 671 3050 illis
689 2989 768 3051 erut
786 2979 1016 3073 composite?

105 3094 153 3165 Α.
181 3092 256 3165 Sic.
304 3092 361 3165 Ex
389 3115 434 3164 eo
465 3090 565 3187 quod
591 3091 677 3180 AC,
695 3091 764 3164 DF
791 3105 878 3163 sunt
905 3092 1100 3186 parallelae,

63 3204 285 3279 concludunt
311 3204 489 3300 angulum
511 3204 624 3278 DBA
648 3203 829 3298 aeqnalem
856 3228 936 3277 esse
965 3205 1101 3301 angulo

62 3317 198 3391 alterno
221 3316 343 3406 BAC,
367 3327 405 3389 et
428 3316 603 3412 angulum
622 3316 726 3390 FBC
752 3317 894 3391 alterno
920 3318 1037 3406 BCA,
1063 3330 1101 3393 et

61 3432 232 3528 ungulum
245 3428 356 3503 Aue
373 3453 627 3514 communem
654 3442 691 3502 et
708 3429 863 3524 proinde
882 3442 957 3504 tres
975 3432 1099 3525 DBA,

60 3545 177 3635 ABC,
192 3542 297 3617 FBC
311 3543 471 3638 aequales
483 3567 563 3617 esse
575 3544 694 3616 tribus
706 3543 824 3633 Bne,
839 3545 957 3632 ABC,
974 3546 1098 3636 ACB,

59 3656 372 3754 unumquemlibet
390 3656 466 3730 uni.
512 3656 733 3730 Scienduma
749 3669 852 3730 ntem
870 3668 937 3747 est,
954 3659 1053 3755 quod
1070 3661 1100 3733 si

59 3771 226 3868 aoatysis
241 3769 452 3866 plenissime
465 3782 716 3866 perageretur,
729 3795 803 3844 non
820 3772 941 3845 minus
958 3774 1101 3868 prolixa

59 3898 150 3960 esset
163 3908 276 3981 quum
293 3883 373 3979 ipsa
390 3901 487 3956 esset
500 3883 779 3972 demonstratio,
794 3897 940 3981 sumpta
953 3888 999 3959 ab
1014 3886 1101 3982 ipsis

58 3997 244 4094 principiis
260 4019 377 4092 usqne
395 3996 443 4070 ad
459 3997 599 4070 illatam
617 3997 899 4072 conclusionem.

104 4112 154 4186 B.
183 4110 287 4185 Quin
316 4122 449 4183 natura
475 4110 667 4207 analyseos
693 4110 776 4183 talis
811 4113 860 4184 sit
893 4113 1010 4208 qualis
1040 4113 1101 4184 hio

59 4225 273 4322 explicetur,
291 4221 453 4296 dubitari
470 4247 546 4296 non
564 4236 697 4319 potest.
753 4224 928 4298 Attamen
946 4249 992 4297 ne
1010 4226 1100 4297 ima-

59 4338 172 4432 ginari
190 4335 342 4433 quidem
362 4360 511 4432 possum
534 4361 606 4433 quo
632 4337 732 4410 facto
756 4337 854 4412 idem
882 4338 962 4410 fieri
985 4338 1101 4431 possit

60 4475 118 4547 per
135 4452 340 4548 algebrum.

104 4568 153 4641 A.
179 4566 315 4661 Neque
342 4563 466 4637 hercle
495 4587 594 4660 ergo.
654 4565 751 4637 Nam
779 4578 883 4638 extra
911 4588 1100 4661 comparu-
