2618 5092
193 686 264 755 188
406 698 676 755 nxauruauro
694 698 749 755 nr
764 696 1017 755 annuorum

13 894 151 938 truncans
241 866 291 940 A.
317 866 503 942 Extantne
534 876 807 965 geometrarum
835 862 967 955 litem,
1000 860 1133 963 quibus
1160 884 1215 959 go·

13 977 148 1083 *L
190 980 345 1053 ometria
377 981 458 1055 haeo
469 980 627 1055 Wallisii
642 977 929 1079 comprobatur?

239 1094 289 1165 B.
314 1092 454 1166 Extant
487 1092 649 1189 quidem,
675 1090 788 1167 editae
818 1090 868 1165 ab
891 1088 1084 1175 Wollisi03
1113 1088 1220 1163 utos

191 1205 366 1301 Hugenii,
384 1204 501 1280 altera
511 1205 638 1280 nescio
653 1205 772 1303 cujus,
788 1202 855 1279 sed
866 1202 1000 1287 dicunt
1012 1200 1130 1301 aliqui
1147 1222 1229 1277 eno-

190 1318 415 1408 Schootenii,
429 1317 491 1392 vix
503 1318 648 1393 latina.
676 1318 861 1393 Praeteroe
875 1316 1223 1415 Roberrallmpro·

188 1430 306 1504 fossor
327 1430 476 1505 Parisiis
498 1431 768 1522 celeberrimus,
784 1430 956 1528 idemque
978 1428 1072 1505 alios
1096 1430 1139 1505 iu
1164 1428 1232 1503 de·-

188 1545 518 1619 monstrationibus
558 1545 719 1644 propriis
750 1542 841 1620 satis
877 1555 1023 1635 cautus,
1052 1542 1233 1619 charmlm

190 1655 384 1752 cujusdam·
404 1658 665 1755 manuscripta
677 1656 903 1756 exemplaria
918 1656 1064 1754 aliquot
1089 1655 1132 1731 in
1155 1656 1227 1731 An-

188 1768 301 1865 gliam
317 1769 533 1861 transmisit,
543 1770 583 1845 in
593 1794 668 1867 qua
676 1769 885 1845 doctrinam
895 1769 943 1844 de
954 1768 1226 1867 comparatione

187 1882 445 1978 parabolarum
474 1896 514 1957 et
541 1881 763 1957 conoideum
790 1906 837 1957 ex
864 1880 938 1957 illis
965 1882 1151 1957 iactam
1180 1880 1226 1957 ad

188 1995 530 2093 parallelogramma
561 2013 602 2069 et
629 1994 825 2095 cylindros-
852 1992 1165 2094 circumscriptos,
1189 1994 1227 2069 iu

188 2106 756 2183 hoetractataDeArirtnetica
764 2105 999 2204 licentiorum
1010 2109 1230 2206 expositam,

188 2235 301 2318 negat
316 2223 364 2296 ab
381 2222 547 2297 Wallisio
573 2222 706 2319 primo,
723 2220 789 2296 sed
815 2245 840 2296 a
864 2244 905 2295 se
930 2221 1124 2296 inventam
1151 2244 1227 2296 ease

189 2335 328 2408 asserit.
382 2334 493 2410 Quod
510 2358 585 2408 non
600 2334 749 2409 fecisset
778 2333 849 2408 nisi
875 2333 1086 2408 doctrinam
1115 2334 1225 2432 ipsam

188 2470 314 2520 veram
331 2470 410 2521 esse
428 2448 639 2521 censuisset

240 2560 290 2632 A.
318 2559 530 2633 Mirandum
547 2583 622 2633 non
640 2572 698 2634 est
716 2560 746 2633 si
762 2559 827 2649 illi,
850 2560 913 2656 qui
931 2560 1133 2634 maximam
1143 2582 1224 2656 ope

190 2695 270 2744 ram
287 2673 326 2744 in
340 2696 384 2744 eo
398 2684 599 2767 posuerunt
614 2683 657 2745 ut
674 2673 855 2747 rationem
879 2695 987 2746 arcus
1004 2672 1056 2746 ad
1085 2671 1227 2746 radium

189 2784 238 2857 ad
254 2808 427 2858 numeros
445 2784 677 2874 reducerent,
695 2785 910 2860 methodum
936 2786 1034 2859 hanc
1056 2784 1222 2882 symboli-

190 2922 272 2970 cam
289 2898 436 2971 incaute
448 2898 606 2994 amplexi
618 2898 703 2971 sint.
756 2897 829 2971 Sed
846 2909 890 2971 ut
902 2897 1157 2986 Robervallus,
1167 2895 1222 2994 qni

190 3022 463 3106 geometrarum
479 3011 620 3107 primus
637 3034 716 3084 esse
732 3011 811 3085 vult
827 3022 865 3084 et
890 3009 969 3084 fere
998 3021 1068 3100 est,
1086 3011 1223 3108 paralo-

186 3124 322 3221 gismos
339 3135 416 3198 tam
439 3147 580 3198 crassos
596 3122 721 3197 videre
751 3149 826 3198 non
855 3124 1031 3221 potuerit,
1061 3125 1223 3222 profecto

185 3238 394 3312 mirandum
409 3248 476 3312 est.

235 3352 286 3424 B.
312 3352 438 3425 Habet
455 3352 525 3425 hoc
542 3349 726 3447 peculiare
743 3348 1006 3423 Robervallns:
1025 3374 1115 3424 curo
1129 3373 1225 3448 egre·

185 3463 288 3560 glum
315 3464 397 3560 quis
423 3488 447 3538 a
469 3488 509 3538 se
536 3464 730 3538 inventum
757 3462 948 3537 theorema
972 3462 1012 3535 in
1038 3464 1225 3560 publicum

186 3577 360 3666 emiserit,
376 3588 420 3651 ut
437 3579 562 3652 statim
579 3576 784 3651 distributis
801 3575 980 3650 chartulis
1003 3575 1106 3651 dicat
1132 3577 1225 3651 idem

186 3713 209 3761 a
238 3712 278 3762 se
301 3690 492 3762 inventum
522 3712 600 3762 esse
632 3689 747 3786 prius.
799 3688 928 3784 Itaque
957 3688 1152 3763 theorema
1184 3687 1228 3761 de

186 3800 303 3874 solido
313 3801 562 3898 hyperbolico,
574 3802 765 3875 inventum
779 3800 1023 3890 a'loricellio,
1034 3813 1225 3899 postquam

186 3925 284 3987 esset
297 3913 436 3988 editum
455 3913 504 3987 ad
517 3938 556 3989 se
569 3915 717 4011 rapuit3
744 3925 781 3986 et
807 3937 907 3986 nuno
935 3915 1157 3989 methodum
1183 3914 1225 3988 de

186 4027 462 4123 comparatione
475 4027 786 4124 paraboloideum,
804 4025 943 4099 editam
961 4050 984 4100 a
1008 4027 1178 4103 Wallisio
1190 4040 1226 4102 et

186 4141 265 4214 solo
281 4139 447 4213 Wallisio
465 4139 626 4237 dignam,
646 4164 748 4212 suam
765 4138 893 4212 haberi
919 4138 1094 4214 incautus
1124 4140 1230 4239 petit

187 4253 288 4327 Idem
308 4253 511 4340 Hobbium,
529 4255 592 4350 qui
609 4253 858 4349 aequalitatem
874 4252 975 4325 inter
991 4255 1165 4349 spiralem
1191 4265 1227 4327 et

184 4367 432 4462 parabolicam
450 4366 591 4462 primus
608 4365 712 4454 vidit,
731 4365 817 4460 quia
834 4365 913 4461 ipse
940 4366 1099 4442 eandem
1128 4367 1227 4466 prius

186 4477 501 4556 demonstraverat
518 4479 678 4576 appellat
694 4477 925 4576 plagiarium.
