2618 5092
284 660 602 714 marnouarrcm
623 661 868 714 uonrnnnm.
1031 647 1103 713 229

62 828 89 900 si
116 827 513 925 experimentorerum
530 826 753 900 naturalium
777 827 932 901 seientia
949 826 1105 899 dicenda
1140 854 1263 898 annom

62 941 116 1026 sit,
131 941 266 1038 optimi
281 939 448 1013 omnium
464 939 608 1036 physici
626 953 713 1013 sunt
729 941 1015 1037 pharmacopoei.
1200 937 1241 976 Ἡ·

107 1054 155 1128 B.
184 1054 372 1128 Caeterum
392 1053 567 1149 dogmata
584 1053 740 1127 aliorum
770 1053 816 1126 de
839 1053 969 1126 iisdem
995 1054 1104 1127 rebus

61 1167 334 1241 consideremus
374 1167 570 1264 paulisper.
641 1168 807 1240 Luminis
842 1191 1013 1264 quaenam
1048 1182 1105 1241 est

62 1305 166 1354 cansa
183 1279 377 1354 efficiens?
430 1280 581 1368 Lumen,
600 1280 691 1353 dicit
712 1280 856 1378 aliquis,
872 1290 929 1354 eat
956 1305 1104 1378 corpus,

62 1396 161 1489 cujus
170 1391 394 1493 porticula,
411 1403 586 1466 exeuntes
602 1419 624 1467 e
640 1391 729 1483 sole,
749 1403 954 1491 penetrant
980 1394 1105 1467 oculos

61 1507 284 1597 animalium,
302 1507 401 1580 unde
416 1506 552 1580 vident.
606 1506 747 1581 Quidni
773 1506 902 1579 eadem
926 1506 1105 1582 facilitate

61 1633 97 1693 et
120 1621 281 1695 veritate
299 1619 426 1692 dicant
442 1619 554 1692 ctiam
579 1618 751 1692 tenebras
768 1642 847 1693 esse
874 1621 1104 1716 corpuscula,

62 1757 139 1829 quae
156 1731 334 1806 exeuntia
350 1733 398 1806 ab
415 1732 539 1828 aliquo
568 1756 723 1829 corpore
750 1733 948 1807 tenebroso
979 1747 1017 1807 ct
1042 1735 1105 1807 de-

61 1845 132 1920 lata
157 1845 207 1920 ad
233 1845 375 1935 oculos,
397 1844 540 1918 faciunt
565 1855 606 1917 ut
634 1868 710 1917 non
739 1844 900 1918 videant.
954 1846 1104 1936 Lumen,

62 1958 148 2034 dicit
181 1959 290 2046 alius,
317 1972 356 2033 et
380 1959 498 2055 magis
529 1958 709 2032 accedens
737 1958 786 2032 ad
811 1960 1017 2047 veritatem,
1047 1969 1105 2032 eat

61 2073 251 2146 inclinatio
282 2073 338 2146 ad
369 2082 512 2145 motum.
566 2071 640 2145 Sed
669 2071 709 2144 id
740 2071 840 2167 quod
865 2074 943 2169 jam
974 2086 1031 2146 est
1057 2072 1105 2146 ad

61 2200 200 2260 motum
219 2185 424 2274 inclinatio,
443 2185 534 2281 qnid
551 2185 730 2281 impedire
747 2197 881 2282 potest,
899 2210 946 2259 ne
964 2211 1039 2260 non
1057 2188 1104 2258 sit

60 2299 135 2396 ipse
158 2299 309 2373 motus?
353 2300 401 2374 ,Si
427 2323 570 2396 quaeras
590 2324 674 2396 qnae
701 2300 777 2373 sint
805 2323 927 2374 causae
952 2301 1038 2372 rori
1067 2316 1105 2373 et

61 2413 177 2500 densi,
191 2413 283 2486 dicit
297 2412 389 2486 alius
407 2413 508 2510 quod
524 2414 622 2488 idem
633 2437 779 2509 corpuS,
798 2437 871 2510 quo
889 2413 971 2509 plus
989 2438 1105 2510 quau-

60 2527 174 2601 titatis
191 2527 317 2616 habet,
335 2550 380 2600 eo
396 2527 527 2616 tarino,
542 2552 615 2625 quo
633 2527 765 2615 minua,
785 2552 829 2600 eo
848 2528 996 2601 densius
1014 2552 1104 2600 esse.

61 2641 132 2715 Sed
148 2639 300 2737 quaeris,
320 2652 425 2737 puto,
449 2652 491 2714 tu
516 2664 589 2738 qua
618 2639 665 2713 de
686 2664 810 2728 causa,
825 2655 864 2714 et
891 2665 964 2737 quo
994 2657 1105 2736 pacto

60 2755 152 2829 effici
169 2765 308 2852 potest,
325 2766 369 2826 ut
384 2754 483 2827 idem
500 2778 655 2828 numero
667 2778 812 2851 corpus,
830 2755 870 2827 id
887 2766 954 2844 est,
973 2780 1105 2851 corpus

61 2867 127 2940 sibi
139 2891 287 2964 semper
300 2867 451 2964 aeqnale,
463 2870 578 2963 possit
592 2867 728 2941 habere
739 2870 984 2965 quantitatem
996 2869 1106 2941 modo

61 2981 252 3068 minorem,
269 2980 380 3054 modo
397 2983 586 3077 majorem.

106 3095 156 3169 B.
182 3095 266 3191 Ego
283 3117 372 3167 vcro
390 3094 429 3167 id
447 3118 521 3168 non
540 3118 692 3192 quaero;
719 3094 796 3167 scio
815 3094 913 3166 euim
931 3095 1031 3190 quod
1050 3108 1106 3167 est

60 3206 295 3305 impossibile.
350 3208 424 3282 Sed
452 3233 610 3306 corpora
636 3209 804 3283 videmus
831 3208 940 3282 modo
964 3211 1104 3304 augeri,

60 3323 167 3398 modo
187 3322 367 3406 diminui;
393 3346 477 3419 qnae
494 3337 619 3396 tamen
637 3322 766 3396 eadem
783 3346 864 3395 esse
881 3322 1049 3394 dicimus.

106 3436 157 3510 A.
185 3436 274 3510 Non
298 3446 422 3509 antem
445 3435 543 3508 idem
573 3460 728 3510 numero
756 3459 890 3531 corpus
916 3458 994 3506 esse
1022 3460 1104 3530 pos-

59 3563 153 3640 sunt,
171 3549 244 3623 nisi
260 3549 357 3622 idem
376 3572 456 3622 csse
484 3573 634 3622 censeas
665 3561 786 3623 totum
816 3561 854 3621 et
880 3572 979 3644 pars.
1032 3548 1106 3620 Sed

59 3661 136 3737 haec
153 3662 248 3736 nihil
265 3662 427 3737 attinent
444 3662 492 3736 ad
509 3662 660 3736 mum
677 3676 714 3735 et
732 3686 874 3735 rorum.
918 3663 978 3734 An
996 3677 1105 3758 putas

60 3774 155 3849 idem
173 3799 253 3864 vas,
270 3776 422 3872 plenum
440 3799 557 3872 aquae,
573 3777 691 3871 majus
709 3775 874 3848 minusve
893 3799 984 3864 esse,
997 3801 1105 3872 quam

60 3887 88 3962 si
103 3889 258 3984 plenum
274 3900 372 3962 esset
385 3911 606 3985 quocunque
624 3889 696 3961 alio
714 3887 895 3985 corpore?

105 4003 155 4076 B.
184 4002 341 4075 Minime
358 4002 540 4098 profecto.

106 4116 155 4188 A.
184 4113 349 4190 Quidam
372 4138 417 4186 ex
435 4113 663 4210 philosophis
680 4113 790 4209 hujus
817 4113 931 4186 seculi
959 4137 1107 4185 causam

61 4226 142 4300 rori
159 4239 200 4301 ct
218 4226 329 4300 dena
346 4226 506 4323 explicat
523 4226 595 4298 hoc
614 4226 737 4300 modo.
791 4226 830 4298 Si
845 4226 934 4299 dato
959 4227 1107 4320 corpori

61 4339 309 4415 immisceatur
326 4339 544 4437 quantitatis
560 4340 654 4436 plus,
672 4341 716 4413 fit
738 4364 886 4424 rarum3
913 4341 944 4413 si
971 4340 1106 4428 minus,

62 4451 225 4529 densum.

111 4567 161 4642 B.
190 4567 326 4642 Nullus
356 4568 508 4643 omnino
537 4578 594 4641 est
623 4569 775 4641 effectus
793 4566 985 4656 naturalis,
1003 4567 1109 4660 cujus
