2618 5092
236 680 305 747 152
448 690 718 747 extumum
737 691 789 746 Η
805 690 1059 747 summoto

47 888 192 930 nnnocns
232 886 380 936 num
398 862 598 961 designari
611 870 842 960 κουφίσειε
866 884 955 935 nam
982 872 1023 937 ct
1046 860 1121 937 hoc
1140 860 1256 937 finon

48 969 191 1072 ᾧ
233 988 311 1061 est;
338 976 426 1072 quia
441 988 517 1050 tres
537 986 680 1070 qucrtoe
704 986 831 1072 partes
859 974 972 1049 nnius
997 974 1190 1072 cujuslibet
1212 972 1261 1047 rei·

233 1113 307 1163 non
335 1089 456 1161 minus
478 1111 588 1162 verus
614 1098 671 1161 est
693 1110 879 1177 numerus,
892 1110 1005 1183 quam
1030 1100 1109 1161 tres
1133 1096 1260 1185 qnnrte

232 1213 357 1299 partes
373 1201 483 1274 unius
497 1200 690 1275 octonarii.
739 1200 790 1274 Et
805 1199 1035 1297 simpliciter,
1051 1214 1130 1275 tres
1149 1212 1259 1299 portu

234 1327 320 1388 sunt
336 1338 441 1410 aeque
458 1338 570 1389 verns
592 1336 769 1388 numerus
784 1336 830 1387 oc
858 1313 933 1387 trio
958 1325 1052 1388 tots.
1103 1313 1182 1389 Sed
1194 1336 1261 1415 pro

232 1428 332 1500 oeric
357 1427 519 1501 numeris
546 1426 688 1517 haberi,
710 1426 843 1524 inquit,
859 1450 931 1499 non
958 1425 1093 1501 solent.
1143 1426 1262 1525 Neqne

234 1542 305 1615 hoc
322 1539 498 1614 concedo.

284 1653 335 1726 B.
362 1651 435 1726 Sed
451 1652 583 1748 probat
600 1675 647 1725 ex
663 1675 720 1740 eo,
745 1651 846 1749 quod
861 1650 931 1725 cub
945 1652 1089 1727 umeri
1103 1650 1260 1753 appelle

236 1766 335 1838 tione
351 1765 458 1862 apud
472 1763 667 1837 Euclidem
682 1787 754 1836 non
769 1772 975 1837 cenentur.

286 1878 336 1951 Α.
363 1877 462 1953 Quia
494 1900 669 1951 numerus
700 1876 893 1951 hominum
928 1877 998 1951 sub
1031 1876 1265 1975 appellatione

236 1991 376 2064 numeri
396 1990 495 2087 apud
510 1988 700 2063 Euclidem
716 2013 793 2063 non
809 2000 994 2077 censetur,
1010 1988 1145 2065 ideone
1160 1988 1265 2087 seqni-

235 2117 297 2179 tur
330 2104 429 2201 quod
463 2126 637 2177 numerus
668 2102 859 2176 hominum
886 2125 963 2176 non
991 2114 1051 2175 est
1077 2098 1264 2177 numerus?

237 2219 312 2291 Cur
338 2231 463 2291 autem
480 2239 654 2290 numerus
681 2214 870 2288 hominum
895 2215 1014 2311 magis
1030 2226 1089 2289 est
1104 2236 1268 2290 numerus

236 2355 346 2426 quam
365 2354 539 2404 numerus
555 2330 716 2425 partium
731 2329 840 2402 nnius
857 2328 1040 2402 hominis?

286 2442 334 2517 B.
362 2444 509 2532 Nescio,
524 2442 590 2515 sed
607 2466 731 2538 perge.

288 2557 337 2629 A.
365 2557 449 2629 Hoc
459 2579 604 2652 quoque
615 2554 928 2627 animadversione
940 2553 1093 2650 dignum
1106 2553 1271 2652 estquod

237 2669 339 2758 dicit,
353 2693 399 2741 ex
417 2669 638 2767 imperfecta
656 2678 693 2740 et
710 2666 933 2766 impossibili
949 2667 1117 2741 radicum
1129 2679 1271 2742 extrac-

239 2782 339 2854 tione
357 2782 453 2854 oriri
470 2805 637 2854 numeros
660 2781 798 2854 surdoe
811 2767 877 2868 αἶ,
893 2768 958 2867 ὦ,
972 2790 1042 2853 etc.
1095 2782 1273 2855 Numerus

239 2896 336 2969 enim
353 2895 474 2967 nullus
493 2906 560 2982 est,
578 2895 733 2990 quinon
754 2907 809 2968 est
829 2894 868 2966 in
885 2895 1154 2990 progressionis
1170 2895 1274 2990 hnjns

237 3009 478 3082 arithmeticae
489 3008 593 3096 serie,
613 3017 644 3096 l,
659 3018 694 3096 2,
706 3018 741 3095 3,
756 3018 827 3080 etc.
843 3035 851 3077 :
871 3007 902 3079 si
913 3007 1153 3081 continuetur
1167 3030 1275 3103 qnan-

238 3136 316 3195 tum
331 3134 467 3219 potest.

287 3236 335 3309 B.
362 3235 464 3309 Nihil
481 3233 722 3307 manifestius.
775 3231 848 3305 Sed
865 3232 1026 3327 ignosce.

289 3353 339 3427 Α.
366 3351 533 3427 Quidni?
586 3349 847 3423 Condonemus
877 3349 911 3420 ei
938 3372 1013 3422 non
1039 3350 1152 3423 modo
1175 3351 1278 3439 hanc,

238 3466 303 3539 sed
329 3490 475 3539 omnem
502 3466 593 3559 ejus,
616 3474 897 3558 quantacunque
925 3463 985 3550 sit,
1011 3463 1277 3558 ignorantiam

239 3579 303 3652 sed
336 3580 427 3652 falsa
466 3577 735 3673 corrigentibus
776 3575 885 3648 liccat
918 3599 1006 3648 vera
1047 3576 1277 3673 investigare.

239 3693 467 3766 Fractionem
491 3715 577 3763 mox
603 3689 783 3762 laboriose
808 3687 938 3760 definit
963 3711 1054 3778 esse,
1079 3714 1157 3786 qua
1178 3690 1280 3762 unius

238 3805 383 3903 integri
403 3828 504 3903 porc
529 3802 727 3887 indicatur,
744 3825 828 3898 quoe
845 3800 899 3872 cul
912 3809 1024 3872 totum
1042 3800 1150 3874 illam
1167 3802 1279 3876 ratio·

238 3943 318 3989 nem
345 3917 467 4006 habet,
490 3941 601 4014 quam
628 3913 738 3988 habel
752 3912 967 4008 fractionis
988 3925 1207 3987 numerator
1231 3912 1283 3988 cd

238 4030 558 4104 denominatorem.

288 4142 337 4215 B.
365 4143 463 4215 Male
480 4142 563 4215 hoc.
615 4141 665 4214 Ni
683 4140 780 4212 enim
802 4138 992 4234 cognitum
1008 4139 1113 4233 prius
1130 4141 1180 4214 sit
1195 4137 1280 4236 quid

238 4257 286 4329 sit
289 4257 454 4353 fractio,
467 4255 639 4351 cognosci
657 4276 732 4326 non
749 4263 872 4348 potest
885 4250 975 4347 quid
992 4252 1041 4324 sit
1057 4262 1280 4336 numerator,

239 4381 303 4442 aut
320 4369 572 4443 denominator
587 4364 814 4464 fractionis.

288 4480 334 4556 A.
362 4484 512 4556 Poterat
533 4480 692 4567 brevius,
710 4477 844 4567 verinS,
868 4490 907 4551 et
936 4478 1094 4574 plenius,
1111 4492 1276 4554 naturam
