2618 5092
316 665 810 723 rnoaxnusrsrnrsms.
1013 653 1081 720 331

78 832 131 906 B.
157 831 323 931 Decepit
339 845 378 909 te
394 837 589 933 phantasia
605 846 682 913 tna.
733 839 775 913 si
787 836 963 912 baculum
975 775 1096 909 manu

41 957 173 1034 tenens,
188 947 298 1043 eujus
312 947 359 1020 sit
376 948 494 1044 ignita
508 974 593 1046 pars
606 964 772 1026 extrema
783 963 827 1025 ut
839 950 974 1038 lnoeat,
986 949 1086 1022 illam

41 1058 213 1133 uelociter
230 1081 392 1149 moveas,
411 1063 532 1159 sitque
549 1077 672 1138 motus
690 1065 753 1139 ille
773 1063 974 1150 circularis,
987 1061 1087 1135 vide·

41 1172 137 1248 bitur
153 1174 322 1249 circulus
339 1176 397 1248 vel
415 1200 522 1250 arcus
541 1178 669 1252 circuli
695 1179 861 1274 ignitns;
888 1177 945 1250 sin
963 1186 1087 1247 motus

41 1287 83 1360 sit
100 1299 244 1377 rectuS,
262 1286 360 1361 linea
383 1302 487 1363 reeta
517 1290 638 1387 ignea,
664 1293 783 1388 major
800 1291 859 1363 vel
879 1290 1001 1363 minor
1017 1311 1086 1384 pro

41 1399 185 1474 ratione
201 1399 409 1475 velocitatis
422 1414 462 1476 et
478 1403 589 1498 spatii
608 1403 708 1500 quod
716 1403 963 1501 percurritur:
981 1401 1087 1497 eujus

41 1512 89 1587 rei
107 1535 262 1587 oausam
281 1514 371 1587 satis
388 1515 499 1588 nosti.

83 1626 136 1701 A.
163 1627 322 1701 Causam
345 1639 437 1724 puto
465 1652 557 1719 esse,
581 1628 681 1725 quod
708 1640 832 1702 motus
855 1631 901 1703 ab
933 1628 1088 1725 impres·

41 1740 140 1815 sione
181 1740 303 1838 prima
336 1741 375 1814 in
412 1764 552 1837 organo
587 1742 734 1815 duravit
766 1766 885 1839 usqne
919 1741 1007 1815 dum
1039 1741 1086 1813 ab

41 1855 186 1950 objecto
203 1853 291 1949 igne
309 1865 411 1927 totus
429 1855 601 1942 circulus
620 1854 679 1927 vel
697 1865 777 1929 tota
789 1855 888 1928 linea
904 1865 1006 1928 reeta
1023 1853 1087 1925 de-

41 1967 178 2063 scripta
201 1978 310 2040 esset.
361 1966 417 2040 Ex
444 1991 518 2064 quo
543 1968 793 2041 necessarium
816 1979 907 2056 erat,
924 1979 968 2040 ut
990 1966 1088 2063 ignis

41 2080 98 2155 ille
115 2081 156 2153 in
167 2079 338 2153 omnibns
354 2080 472 2169 lineae,
484 2081 560 2153 sive
573 2090 685 2154 reotae
702 2080 777 2153 sive
791 2104 926 2169 curvae,
939 2081 1088 2176 punctis

41 2193 147 2267 simul
163 2192 362 2283 videretur,
380 2217 466 2266 cum
478 2194 524 2267 ab
538 2194 640 2267 omni
655 2205 762 2291 parte
779 2216 927 2267 sensum
944 2217 1088 2289 semper

41 2306 231 2404 equaliter
242 2305 432 2379 excitaret.

89 2419 140 2493 B.
169 2418 329 2493 Causam
348 2419 467 2515 ipsam
484 2418 621 2493 dixisti.
667 2419 835 2493 Scintilla
848 2419 958 2516 ignis,
976 2419 1089 2493 etiam

41 2532 193 2607 minima
209 2531 372 2622 visibilis,
390 2532 566 2606 velociter
588 2533 793 2607 ascendens
817 2533 966 2607 videtur
992 2533 1092 2606 linea

41 2647 160 2744 mnes.
213 2644 369 2741 Propter
396 2645 554 2718 eundem
577 2646 681 2720 illum
708 2659 852 2721 motum
869 2671 979 2742 quem
1007 2671 1092 2742 sup·

41 2758 160 2856 posui,
182 2756 333 2832 videtur
358 2759 470 2833 etiam
497 2756 617 2832 latior.
671 2761 720 2833 Et
747 2773 946 2858 propterea
973 2760 1092 2833 omnis

41 2873 188 2946 flamma
200 2872 407 2945 necessario
424 2884 578 2969 apparet
595 2875 713 2948 multo
731 2876 862 2971 major,
883 2874 989 2970 (puto
1009 2873 1093 2970 plna

41 3009 156 3085 qnam
172 2985 312 3059 centies
327 2986 469 3082 major),
488 3009 600 3081 qoam
616 3000 675 3061 est
698 3009 832 3082 eorpus
849 2986 970 3082 ipsum
992 2986 1092 3060 unde

43 3099 130 3175 exit.

92 3212 142 3290 A.
172 3210 350 3285 Scintillae
361 3210 451 3307 quid
468 3211 580 3286 suut?

90 3326 144 3399 B.
171 3324 268 3398 Sunt
284 3323 390 3420 ligni,
407 3323 467 3398 vel
492 3327 742 3422 cujuscunque
759 3323 925 3420 eorporis
949 3323 1093 3396 inflam-

42 3439 145 3529 mati,
173 3437 420 3511 minutissima
440 3438 582 3512 frusta:
609 3462 693 3534 quae
718 3437 837 3511 frusta
862 3461 886 3510 a
901 3447 1005 3510 motu
1027 3437 1092 3510 illo

42 3554 204 3651 primum
222 3550 427 3647 eriguntur,
447 3551 581 3626 deinde
606 3551 854 3647 effringuntur
883 3560 920 3624 et
944 3550 1094 3624 evolant

43 3689 127 3742 oum
146 3687 231 3739 aere
248 3688 323 3738 nna
335 3664 569 3739 aseendente.
624 3664 699 3740 Sed
715 3674 915 3762 antequam
933 3665 1092 3751 evolant,

45 3779 76 3853 si
92 3779 191 3876 ignis
208 3778 461 3874 extinguatur,
479 3789 603 3874 partes
619 3778 692 3851 illae
710 3789 843 3851 erectae
861 3801 930 3851 nee
954 3789 1093 3851 eveotae

44 3904 216 3967 naturam
245 3890 385 3964 habent
407 3891 594 3986 fuliginis:
622 3902 660 3965 et
690 3902 777 3966 sunt
806 3891 1092 3979 combustibiles,

46 4004 167 4094 idest,
182 4001 413 4099 dissipabiles
431 4003 470 4076 in
487 4004 606 4077 frusta
623 4004 745 4078 adhue
762 4005 974 4078 minutiora.

94 4118 144 4192 Α.
174 4116 297 4191 Etiam
324 4140 344 4189 e
373 4115 612 4212 frigidissimo
641 4117 764 4214 lapide
790 4118 946 4191 extundi
972 4127 1095 4212 potest

47 4230 205 4305 scintilla
233 4229 371 4303 lucens.
426 4230 512 4304 Non
529 4229 677 4304 videtur
692 4254 780 4326 ergo
799 4231 918 4305 omnis
935 4228 1096 4303 scintilla

47 4356 199 4441 propter
215 4342 376 4417 calorem
393 4343 658 4439 splendescere.

93 4454 141 4529 B.
170 4456 274 4530 Non:
293 4455 371 4546 sed,
385 4467 429 4530 nt
443 4455 520 4529 dixi
533 4469 632 4546 ante,
646 4457 742 4530 calet
753 4465 791 4530 et
803 4453 972 4552 splendet
984 4478 1095 4552 prop-

50 4576 103 4645 ter
122 4570 228 4644 illum
244 4593 354 4664 quem
372 4568 481 4644 toties
506 4569 581 4644 dixi
607 4580 760 4646 motum.
815 4567 943 4643 Motus
970 4581 1095 4643 antem

1133 855 1202 898 GAP.
1217 856 1260 896 lv.

1127 925 1272 959 b-rd

1140 988 1174 1031 Do
1185 987 1258 1032 calore

1138 1057 1161 1096 et
1169 1052 1227 1098 luoe.
