2618 5092
252 657 587 711 unrnauarrcra
607 657 852 710 nonianus.
1032 643 1080 709 49

41 837 134 900 atum
159 847 245 898 ease
268 826 346 921 jus,
369 825 427 898 vel
448 825 558 899 aliam
585 848 664 897 rem
698 847 963 921 quamcunque,
992 835 1082 898 tunc
1120 851 1270 893 unrocus

41 936 184 1035 quando
212 960 340 1034 neque
365 937 445 1034 ipsa
473 961 593 1033 neque
619 936 695 1010 ulla
724 939 802 1033 ejus
830 959 915 1032 pars
945 935 1081 1009 existit.
1122 933 1264 1038 ,ᾗ

41 1051 110 1126 Sed
136 1074 258 1148 quare
283 1049 396 1124 homo
419 1049 712 1139 mathematicus
739 1048 786 1122 de
814 1048 1082 1122 mathematicis

41 1165 215 1253 scribens,
249 1161 418 1258 exemplo
443 1162 561 1236 utitur
581 1160 699 1259 juris?
760 1161 821 1235 An
850 1161 962 1234 etiam
988 1161 1083 1257 juris

41 1280 198 1355 Romani
211 1280 357 1376 peritus
374 1280 455 1353 est?
494 1280 555 1352 An
571 1278 695 1375 potius
708 1302 775 1374 per
786 1279 858 1351 hoc
876 1276 1083 1373 exemplum

41 1397 119 1469 fieri
135 1417 247 1493 posse
264 1395 437 1490 sperabat
453 1406 496 1466 ut
513 1415 593 1466 esse
610 1391 848 1465 crederetur?
885 1428 889 1435 ·

91 1509 140 1582 B.
169 1507 309 1582 Nescio
326 1531 438 1593 sane;
464 1506 530 1581 sed
556 1506 661 1579 illum
675 1504 781 1578 ‘nunc
806 1504 969 1600 incipere
993 1514 1083 1599 puto

43 1621 274 1718 aprincipio,
292 1631 337 1693 ut
351 1619 413 1693 ille
430 1630 551 1709 vocat,
568 1617 695 1692 ultimo
713 1617 811 1716 quod
823 1640 905 1690 noo.

89 1733 138 1809 A.
169 1734 291 1808 Unum
318 1733 440 1833 igitar
462 1756 648 1807 numeram
675 1756 757 1806 erae
786 1731 928 1827 offirmo
940 1756 954 1812 ,·
979 1728 1084 1801 mini-

45 1873 135 1922 nam
157 1845 349 1936 αἰναί,
370 1845 472 1944 quod
495 1844 714 1941 affirmative
743 1841 942 1942 respondet
968 1865 1084 1939 quoa-

46 1961 146 2046 sioni,
182 1984 294 2059 quom
328 1957 548 2032 malta-Si
581 1957 702 2031 dicam
731 1954 943 2052 responderi
973 1954 1085 2027 etiarn

45 2097 149 2170 posse
165 2097 234 2170 per
246 2070 395 2162 nullon
407 2072 484 2146 scio
502 2070 601 2168 quod
618 2071 741 2166 exiget
757 2081 801 2142 ut
820 2065 1085 2163 respondeatur

46 2187 272 2261 affirmative.
325 2184 417 2259 Dico
434 2208 523 2280 ergo
542 2183 748 2281 quaestioni,
775 2190 865 2280 quot
882 2179 958 2253 sive
975 2204 1085 2277 qoam

46 2299 171 2389 meua,
188 2323 266 2373 non
288 2299 438 2373 omniuo
464 2295 679 2393 responderi
695 2306 781 2392 apte
799 2305 837 2367 et
853 2293 960 2389 plene
976 2315 1085 2389 posse

47 2414 119 2487 sine
143 2412 357 2509 negatione.
408 2411 506 2484 Nam
537 2410 599 2506 qui
624 2409 768 2482 unicum
792 2407 930 2480 habens
946 2404 1084 2501 filium,

46 2527 226 2622 quarenti
255 2536 348 2623 quot
369 2525 521 2599 haberet
538 2523 645 2611 filios,
670 2521 867 2620 respondet
882 2544 950 2617 per
967 2544 1085 2607 onum,

46 2663 117 2713 non
134 2640 227 2714 satis
243 2639 353 2736 plene
366 2638 575 2734 respondet,
587 2637 673 2734 quia
689 2648 727 2710 et
745 2636 807 2732 qui
824 2636 945 2732 plures
962 2633 1086 2718 habet,

47 2775 156 2826 unum
187 2752 315 2827 habet.
367 2749 677 2849 Respondendnm
711 2772 800 2845 ergo
830 2773 904 2822 non
935 2761 991 2821 est
1019 2771 1086 2842 per

46 2890 148 2939 mm
175 2864 244 2939 sed
268 2888 336 2961 per
357 2864 511 2953 anicula,
529 2862 568 2936 id
591 2875 659 2950 est,
677 2886 791 2935 unum
808 2886 876 2935 nec
895 2861 1030 2958 plures
1048 2860 1087 2933 id

48 2991 111 3068 est,
129 3002 208 3053 non
236 2976 318 3051 sine
337 2977 545 3072 negatione.
597 2976 656 3049 Ita
677 2976 789 3049 etiam
806 2976 837 3048 si
853 2973 1085 3070 respondeat,

47 3091 164 3186 plnres
191 3090 344 3179 habens,
373 3089 477 3178 duos,
501 3112 577 3163 non
603 3088 710 3186 plene
739 3088 949 3185 respondet,
976 3110 1086 3184 prop-

47 3213 144 3279 terea
169 3202 287 3302 quod,
304 3203 368 3300 qui
391 3215 467 3276 tres
491 3202 614 3292 habet,
632 3201 723 3275 dnos
746 3201 869 3274 habet.
920 3199 1087 3296 Respon-

49 3317 206 3393 dendnm
234 3340 323 3413 ergo
344 3324 401 3390 est
422 3338 488 3412 per
513 3315 605 3389 daos
622 3339 688 3388 nec
708 3313 854 3412 plures,
870 3312 908 3385 id
926 3324 993 3402 est,
1011 3337 1086 3386 non

50 3429 120 3504 sine
136 3430 350 3527 negatione.
401 3429 498 3502 Illud
514 3453 615 3525 ergo,
633 3428 733 3525 quod
748 3453 817 3525 pro
835 3451 945 3502 causa
967 3427 1087 3502 adfert

51 3565 155 3638 quare
168 3542 371 3618 crediderit
384 3567 491 3615 unum
503 3567 792 3631 oeconomorum,
804 3564 1085 3616 causaessenon

50 3657 177 3750 potuit.
214 3656 301 3730 Vin’
315 3679 476 3745 causam,
493 3679 607 3752 quare
623 3654 662 3728 id
679 3667 808 3730 contra
825 3667 905 3729 tum
921 3666 1086 3729 veterum

52 3777 122 3842 tum
138 3768 346 3844 recentium
362 3769 526 3842 omnium
538 3769 757 3842 sententiam
769 3793 897 3843 verum
913 3792 992 3842 esse
1009 3793 1086 3843 cre-

54 3879 193 3970 diderit,
211 3881 333 3955 dicam
351 3905 432 3978 ego,
451 3882 515 3978 qui
531 3904 612 3955 eam
629 3881 705 3955 scio
725 3882 854 3956 melius
872 3905 983 3978 quam
999 3881 1084 3955 ille?

97 3995 144 4068 B.
171 3994 279 4068 Volo.

96 4111 144 4182 A.
172 4109 266 4182 Cum
284 4107 429 4204 legebat
442 4131 677 4180 numerorum
691 4107 798 4180 cifras
816 4117 847 4196 l,
858 4117 893 4197 2,
906 4119 941 4197 3,
952 4117 988 4198 4,
1000 4120 1083 4194 etc,

58 4221 106 4292 rel
120 4246 204 4294 cum
221 4220 394 4295 audiebat
411 4221 560 4294 nomina
575 4245 702 4308 unum,
721 4221 806 4309 duo,
818 4223 901 4310 tria,
915 4234 1083 4317 quatuor,

61 4343 131 4422 ete,
148 4334 257 4408 cifras
284 4333 365 4407 illas
393 4345 432 4406 et
460 4333 611 4406 nomina
634 4334 696 4407 illa
721 4359 788 4431 pro
812 4336 973 4408 numeris
995 4334 1083 4430 ipsis

63 4447 240 4521 nominatis
258 4445 509 4542 intelligebat:
535 4458 579 4518 ut
595 4458 633 4521 et
649 4448 757 4544 paulo
775 4460 873 4535 ante,
887 4472 971 4520 cum
988 4448 1085 4519 dice-

65 4569 110 4631 ret
123 4585 189 4634 ooo
205 4561 330 4634 unitae
346 4570 404 4634 eat
419 4584 596 4634 numeror.

146 4695 239 4750 vol..
255 4696 313 4748 lv.
959 4695 987 4749 R
