2618 5092
379 618 432 674 on
452 618 623 677 urruns
641 621 777 676 sums.
1030 606 1103 684 287

57 786 207 886 diaeqoe
243 810 306 862 res
340 811 416 864 non
445 813 585 887 paucae,
616 788 872 887 lapidescunt?
925 789 1104 887 Denique,

57 901 128 975 rita
143 901 240 998 quid
256 911 328 992 est,
345 914 384 976 et
398 903 583 1000 quomodo
601 903 800 1000 generata?

105 1013 155 1088 B.
183 1012 244 1088 De
272 1014 331 1087 his
359 1017 468 1090 rebus
491 1015 655 1089 nondum
680 1025 901 1090 statuerunt.
955 1013 1035 1086 Nec
1052 1013 1106 1086 ita

60 1127 119 1200 diu
133 1127 309 1225 estquod
325 1127 371 1202 de
382 1141 515 1204 natura
527 1153 692 1227 quaerere
702 1129 916 1226 incepimus,
926 1140 969 1200 ιιι
983 1137 1106 1199 tantos

59 1262 254 1338 processus
286 1254 481 1337 expectare
512 1242 659 1317 debeas.
710 1243 892 1316 Parumne
922 1238 1108 1336 estquod

60 1353 270 1428 doctrinam
288 1349 335 1426 de
351 1376 481 1445 vacuo,
500 1367 538 1429 et
555 1356 600 1429 de
617 1364 750 1428 natura
767 1364 805 1429 et
821 1353 984 1451 pondere
1000 1352 1106 1440 aeris,

60 1466 136 1540 fere
159 1468 240 1564 jam
266 1467 517 1563 patefecimus,
548 1480 587 1542 et
612 1468 727 1558 brevi,
758 1490 878 1564 spero,
906 1466 1107 1563 perfectam

62 1579 186 1652 daturi
219 1601 358 1669 sumus,
398 1581 583 1671 nimirum,
622 1593 817 1679 postquam
856 1580 1109 1677 experimenta

61 1690 244 1766 nostruin
262 1690 440 1768 altissimo
464 1694 528 1768 illo
553 1705 680 1768 monte
703 1692 897 1768 fecerimus
915 1693 978 1791 qui
994 1692 1107 1766 estin

62 1803 184 1878 insula
198 1803 410 1879 Teneriffa?

113 1916 165 1990 Α.
192 1916 293 1990 Bene
310 1929 378 1991 est.
416 1918 662 2015 Expectemus
679 1929 825 2015 partum
842 1918 989 1992 montis.
1029 1918 1108 2014 Ego

63 2030 208 2104 interes
237 2029 390 2127 physica
418 2043 612 2106 contentus
640 2031 850 2121 Hobbiana,
873 2044 1043 2104 naturam
1070 2043 1109 2105 et

64 2143 280 2217 varietatem
308 2155 431 2218 motus
460 2145 749 2243 contemplabor.
799 2144 922 2219 Etiam
949 2143 1108 2241 politicae

65 2251 231 2352 ejusdem
248 2265 287 2329 et
303 2255 435 2331 ethicae
452 2257 589 2355 regulis
605 2256 653 2331 ad
669 2257 864 2332 vivendum
881 2270 977 2330 utar.

114 2366 165 2442 B.
193 2367 311 2443 Recte
335 2366 483 2465 quidem
518 2371 564 2444 de
590 2370 751 2468 politica.
815 2372 883 2445 Est
908 2369 1008 2444 enim
1035 2366 1109 2457 illa,

66 2492 108 2557 ut
138 2481 294 2579 physica
323 2493 461 2573 nostra,
489 2484 806 2581 experimentalis:
837 2506 923 2556 nam
949 2481 1110 2555 vicennii

66 2594 233 2692 proxime
249 2594 448 2691 superioris
464 2592 689 2692 experientia
713 2596 867 2670 nimium
892 2595 1112 2670 confirmata

67 2717 134 2782 est.
187 2705 291 2783 Quid
307 2718 443 2798 autem,
460 2707 724 2806 quadraturam
750 2708 889 2798 circuli,
917 2731 1028 2805 quam
1049 2706 1111 2781 ille

67 2831 153 2894 ante
171 2840 311 2893 annum
326 2816 455 2911 edidit,
472 2844 548 2894 una
564 2843 649 2894 cum
667 2821 844 2896 divisione
862 2820 998 2918 anguli,
1013 2832 1052 2894 et
1068 2820 1112 2894 iis

69 2955 148 3032 qua
165 2931 336 3028 adjunxit
353 2928 399 3005 de
415 2931 593 3029 cycloide‚
612 2933 658 3007 de
685 2946 814 3009 centro
839 2934 1033 3030 gravitatis
1057 2956 1113 3006 se-

68 3044 261 3134 micirculi,
279 3056 373 3119 ete:
400 3045 559 3119 etiamne
576 3045 640 3120 illa
656 3047 862 3144 approbas?

116 3157 168 3233 Α.
196 3155 375 3232 Quidni?
410 3157 505 3232 Gom
521 3180 671 3232 causam
685 3157 927 3233 dissentiendi
945 3157 1113 3232 omnibus

70 3293 147 3347 esse
159 3270 308 3345 videam
318 3292 434 3344 unum
451 3269 681 3369 eundemque
699 3294 882 3345 errorem:
910 3269 1009 3367 quod
1023 3269 1114 3343 line-

71 3406 172 3460 arum
201 3394 388 3457 rectarum
416 3404 613 3457 numerum
636 3383 881 3481 multiplicare
903 3405 971 3479 per
987 3405 1114 3455 nume-

70 3520 150 3572 rum
168 3504 368 3582 rectarum,
384 3493 537 3590 perinde
561 3495 699 3569 habent
721 3519 765 3569 ac
785 3493 1031 3591 multiplicare
1048 3516 1116 3592 per

70 3632 265 3687 numerum
287 3605 525 3706 simpliciter:
550 3623 594 3683 ut
619 3610 850 3685 manifestius
868 3609 1060 3706 apparebit
1076 3609 1115 3681 in

72 3722 319 3823 sequentibus.
387 3721 616 3796 Transmisso
649 3736 706 3797 est
746 3723 820 3797 huc
852 3723 1063 3819 nuperrime
1095 3745 1116 3796 a

73 3835 203 3927 Gallia,
220 3835 375 3910 authors
392 3857 589 3932 anonymo,
608 3835 745 3910 Gallice
762 3836 900 3934 scripta
916 3835 1116 3933 duplicatio

73 3951 156 4026 cnbi
172 3948 411 4048 geometrica,
429 3959 472 4023 ut
494 3949 585 4022 mihi
606 3948 813 4040 videbatur,
842 3949 904 4024 cni
931 3948 1118 4045 exemplar

74 4061 315 4159 abibliopola
329 4063 509 4137 traditum
531 4075 599 4150 est,
622 4064 711 4137 satis
732 4064 827 4137 bene
854 4062 1116 4137 demonstrata.

76 4175 191 4252 Fuere
212 4187 341 4249 autem
364 4175 496 4272 quibus
520 4175 626 4251 aliter
641 4177 762 4252 visum
785 4188 853 4252 est.
904 4174 990 4248 Vidi
1018 4173 1118 4249 enim

77 4288 165 4365 duas
179 4290 263 4386 ejus
280 4287 532 4364 refutationes.

122 4402 174 4478 B.
200 4401 499 4499 Duplicationem
517 4403 603 4477 cubi
616 4404 950 4480 demonstratamne
967 4422 1046 4474 esse
1063 4398 1117 4471 di-

80 4515 156 4591 cis?
207 4514 362 4591 Videam
385 4539 520 4613 quaeso.
