<?xml version="1.0" encoding="UTF-8"?>
<!DOCTYPE html PUBLIC "-//W3C//DTD XHTML 1.0 Transitional//EN"
    "http://www.w3.org/TR/xhtml1/DTD/xhtml1-transitional.dtd">
<html xmlns="http://www.w3.org/1999/xhtml" xml:lang="en" lang="en">
 <head>
  <title>
</title>
<meta http-equiv="Content-Type" content="text/html;charset=utf-8" />
  <meta name='ocr-system' content='tesseract 3.04.00' />
  <meta name='ocr-capabilities' content='ocr_page ocr_carea ocr_par ocr_line ocrx_word'/>
</head>
<body>
  <div class='ocr_page' id='page_1' title='image "./thomhobbesmalme03hobbgoog_0210.png"; bbox 0 0 2618 5092; ppageno 0'>
   <div class='ocr_carea' id='block_1_1' title="bbox 269 116 1090 182">
    <p class='ocr_par' dir='ltr' id='par_1_1' title="bbox 269 116 1090 182">
     <span class='ocr_line' id='line_1_1' title="bbox 269 116 1090 182; baseline -0.002 -1"><span class='ocrx_word' id='word_1_1' title='bbox 269 128 587 182; x_wconf 66' lang='lat' dir='ltr'><strong>Mennnmnrrcm</strong></span> <span class='ocrx_word' id='word_1_2' title='bbox 609 130 850 181; x_wconf 75' lang='lat' dir='ltr'><strong>nonrnnnm.</strong></span> <span class='ocrx_word' id='word_1_3' title='bbox 1023 116 1090 180; x_wconf 81' lang='lat'><strong>195</strong></span> 
     </span>
    </p>
   </div>
   <div class='ocr_carea' id='block_1_2' title="bbox 13 296 1094 3903">
    <p class='ocr_par' dir='ltr' id='par_1_2' title="bbox 59 296 1093 1638">
     <span class='ocr_line' id='line_1_2' title="bbox 60 296 1092 394; baseline -0.001 -24"><span class='ocrx_word' id='word_1_4' title='bbox 60 321 89 370; x_wconf 88' lang='lat' dir='ltr'><strong>se</strong></span> <span class='ocrx_word' id='word_1_5' title='bbox 104 298 280 372; x_wconf 87' lang='lat' dir='ltr'><strong>methodo</strong></span> <span class='ocrx_word' id='word_1_6' title='bbox 299 298 552 372; x_wconf 85' lang='lat' dir='ltr'><strong>demonstrata</strong></span> <span class='ocrx_word' id='word_1_7' title='bbox 568 322 647 372; x_wconf 93' lang='lat' dir='ltr'><strong>esse</strong></span> <span class='ocrx_word' id='word_1_8' title='bbox 660 300 832 394; x_wconf 84' lang='lat' dir='ltr'>opinatus</span> <span class='ocrx_word' id='word_1_9' title='bbox 850 308 915 370; x_wconf 90' lang='lat' dir='ltr'><strong>est.</strong></span> <span class='ocrx_word' id='word_1_10' title='bbox 944 296 995 369; x_wconf 95' lang='lat' dir='ltr'><strong>Ut</strong></span> <span class='ocrx_word' id='word_1_11' title='bbox 1006 298 1092 393; x_wconf 86' lang='lat' dir='ltr'><strong>quia</strong></span> 
     </span>
     <span class='ocr_line' id='line_1_3' title="bbox 60 410 1091 508; baseline -0.001 -25"><span class='ocrx_word' id='word_1_12' title='bbox 60 410 191 485; x_wconf 82' lang='lat' dir='ltr'><strong>ridebat</strong></span> <span class='ocrx_word' id='word_1_13' title='bbox 208 435 302 485; x_wconf 89' lang='lat' dir='ltr'><strong>cum</strong></span> <span class='ocrx_word' id='word_1_14' title='bbox 319 411 501 501; x_wconf 89' lang='lat' dir='ltr'><strong>omnibns,</strong></span> <span class='ocrx_word' id='word_1_15' title='bbox 519 412 558 484; x_wconf 89' lang='lat' dir='ltr'><strong>in</strong></span> <span class='ocrx_word' id='word_1_16' title='bbox 575 412 831 508; x_wconf 84' lang='lat' dir='ltr'>progressione</span> <span class='ocrx_word' id='word_1_17' title='bbox 854 432 1091 483; x_wconf 86' lang='lat' dir='ltr'><strong>numerorum</strong></span> 
     </span>
     <span class='ocr_line' id='line_1_4' title="bbox 60 522 1091 622; baseline -0.003 -25"><span class='ocrx_word' id='word_1_18' title='bbox 60 525 219 622; x_wconf 83' lang='lat' dir='ltr'><strong>acyphra</strong></span> <span class='ocrx_word' id='word_1_19' title='bbox 232 524 314 599; x_wconf 91' lang='lat' dir='ltr'><strong>sive</strong></span> <span class='ocrx_word' id='word_1_20' title='bbox 332 532 369 613; x_wconf 89' lang='lat'><strong>0,</strong></span> <span class='ocrx_word' id='word_1_21' title='bbox 382 548 562 598; x_wconf 84' lang='lat' dir='ltr'><strong>summam</strong></span> <span class='ocrx_word' id='word_1_22' title='bbox 586 548 826 598; x_wconf 90' lang='lat' dir='ltr'><strong>numerorum</strong></span> <span class='ocrx_word' id='word_1_23' title='bbox 853 522 1091 620; x_wconf 89' lang='lat' dir='ltr'><strong>progredien-</strong></span> 
     </span>
     <span class='ocr_line' id='line_1_5' title="bbox 59 636 1092 713; baseline -0.003 -2"><span class='ocrx_word' id='word_1_24' title='bbox 59 637 136 711; x_wconf 88' lang='lat' dir='ltr'><strong>tium</strong></span> <span class='ocrx_word' id='word_1_25' title='bbox 151 637 352 713; x_wconf 80' lang='lat' dir='ltr'><strong>dimidiam</strong></span> <span class='ocrx_word' id='word_1_26' title='bbox 367 661 446 711; x_wconf 89' lang='lat' dir='ltr'><strong>esse</strong></span> <span class='ocrx_word' id='word_1_27' title='bbox 463 662 616 712; x_wconf 87' lang='lat' dir='ltr'><strong>summae</strong></span> <span class='ocrx_word' id='word_1_28' title='bbox 634 637 776 710; x_wconf 89' lang='lat' dir='ltr'><strong>numeri</strong></span> <span class='ocrx_word' id='word_1_29' title='bbox 803 636 953 709; x_wconf 87' lang='lat' dir='ltr'><strong>maximi</strong></span> <span class='ocrx_word' id='word_1_30' title='bbox 980 636 1092 708; x_wconf 87' lang='lat' dir='ltr'><strong>toties</strong></span> 
     </span>
     <span class='ocr_line' id='line_1_6' title="bbox 60 748 1092 848; baseline -0.005 -23"><span class='ocrx_word' id='word_1_31' title='bbox 60 752 181 848; x_wconf 83' lang='lat' dir='ltr'><strong>sumpti</strong></span> <span class='ocrx_word' id='word_1_32' title='bbox 199 762 295 848; x_wconf 89' lang='lat' dir='ltr'><strong>quot</strong></span> <span class='ocrx_word' id='word_1_33' title='bbox 313 760 402 824; x_wconf 91' lang='lat' dir='ltr'><strong>sunt</strong></span> <span class='ocrx_word' id='word_1_34' title='bbox 417 750 565 824; x_wconf 86' lang='lat' dir='ltr'><strong>termini</strong></span> <span class='ocrx_word' id='word_1_35' title='bbox 582 749 861 847; x_wconf 84' lang='lat' dir='ltr'><strong>progressionis,</strong></span> <span class='ocrx_word' id='word_1_36' title='bbox 880 749 978 822; x_wconf 91' lang='lat' dir='ltr'><strong>idem</strong></span> <span class='ocrx_word' id='word_1_37' title='bbox 995 748 1092 821; x_wconf 86' lang='lat' dir='ltr'><strong>acci-</strong></span> 
     </span>
     <span class='ocr_line' id='line_1_7' title="bbox 61 861 1092 938; baseline -0.003 -1"><span class='ocrx_word' id='word_1_38' title='bbox 61 861 134 937; x_wconf 84' lang='lat' dir='ltr'><strong>dere</strong></span> <span class='ocrx_word' id='word_1_39' title='bbox 145 864 262 938; x_wconf 88' lang='lat' dir='ltr'><strong>etiam</strong></span> <span class='ocrx_word' id='word_1_40' title='bbox 276 863 471 937; x_wconf 81' lang='lat' dir='ltr'><strong>affirmavit</strong></span> <span class='ocrx_word' id='word_1_41' title='bbox 485 863 550 937; x_wconf 91' lang='lat' dir='ltr'><strong>nbi</strong></span> <span class='ocrx_word' id='word_1_42' title='bbox 566 863 675 936; x_wconf 87' lang='lat' dir='ltr'><strong>lineae</strong></span> <span class='ocrx_word' id='word_1_43' title='bbox 689 861 895 936; x_wconf 91' lang='lat' dir='ltr'><strong>latitudinis</strong></span> <span class='ocrx_word' id='word_1_44' title='bbox 913 862 1092 934; x_wconf 73' lang='lat' dir='ltr'><strong>infinitae*</strong></span> 
     </span>
     <span class='ocr_line' id='line_1_8' title="bbox 61 975 1092 1073; baseline -0.005 -21"><span class='ocrx_word' id='word_1_45' title='bbox 61 976 201 1073; x_wconf 79' lang='lat' dir='ltr'><strong>exigere,</strong></span> <span class='ocrx_word' id='word_1_46' title='bbox 215 989 428 1051; x_wconf 73' lang='lat' dir='ltr'><strong>crescentes</strong></span> <span class='ocrx_word' id='word_1_47' title='bbox 444 1000 467 1050; x_wconf 90' lang='lat' dir='ltr'><strong>a</strong></span> <span class='ocrx_word' id='word_1_48' title='bbox 482 987 635 1073; x_wconf 87' lang='lat' dir='ltr'><strong>punct0,</strong></span> <span class='ocrx_word' id='word_1_49' title='bbox 654 975 857 1049; x_wconf 88' lang='lat' dir='ltr'><strong>secundum</strong></span> <span class='ocrx_word' id='word_1_50' title='bbox 866 975 1092 1071; x_wconf 86' lang='lat' dir='ltr'><strong>progressio-</strong></span> 
     </span>
     <span class='ocr_line' id='line_1_9' title="bbox 61 1088 1093 1186; baseline -0.004 -22"><span class='ocrx_word' id='word_1_51' title='bbox 61 1111 134 1163; x_wconf 85' lang='lat' dir='ltr'><strong>nem</strong></span> <span class='ocrx_word' id='word_1_52' title='bbox 154 1089 327 1180; x_wconf 87' lang='lat' dir='ltr'><strong>eandem,</strong></span> <span class='ocrx_word' id='word_1_53' title='bbox 350 1089 577 1164; x_wconf 87' lang='lat' dir='ltr'><strong>constituent</strong></span> <span class='ocrx_word' id='word_1_54' title='bbox 597 1089 829 1186; x_wconf 88' lang='lat' dir='ltr'><strong>superficiem</strong></span> <span class='ocrx_word' id='word_1_55' title='bbox 856 1088 1093 1184; x_wconf 88' lang='lat' dir='ltr'><strong>qualemcun-</strong></span> 
     </span>
     <span class='ocr_line' id='line_1_10' title="bbox 61 1201 1093 1298; baseline 0 -23"><span class='ocrx_word' id='word_1_56' title='bbox 61 1224 131 1298; x_wconf 86' lang='lat' dir='ltr'><strong>que.</strong></span> <span class='ocrx_word' id='word_1_57' title='bbox 208 1201 336 1293; x_wconf 79' lang='lat' dir='ltr'><strong>Quod,</strong></span> <span class='ocrx_word' id='word_1_58' title='bbox 368 1203 617 1276; x_wconf 82' lang='lat' dir='ltr'><strong>nescientibus</strong></span> <span class='ocrx_word' id='word_1_59' title='bbox 654 1201 750 1275; x_wconf 92' lang='lat' dir='ltr'><strong>illius</strong></span> <span class='ocrx_word' id='word_1_60' title='bbox 788 1201 1021 1274; x_wconf 89' lang='lat' dir='ltr'><strong>encomiastis</strong></span> <span class='ocrx_word' id='word_1_61' title='bbox 1055 1212 1093 1275; x_wconf 93' lang='lat' dir='ltr'><strong>et</strong></span> 
     </span>
     <span class='ocr_line' id='line_1_11' title="bbox 61 1313 1092 1413; baseline 0 -26"><span class='ocrx_word' id='word_1_62' title='bbox 61 1316 234 1391; x_wconf 85' lang='lat' dir='ltr'><strong>nonnullis</strong></span> <span class='ocrx_word' id='word_1_63' title='bbox 244 1328 428 1413; x_wconf 76' lang='lat' dir='ltr'><strong>preterea</strong></span> <span class='ocrx_word' id='word_1_64' title='bbox 439 1315 654 1413; x_wconf 75' lang='lat' dir='ltr'><strong>geometriae</strong></span> <span class='ocrx_word' id='word_1_65' title='bbox 663 1313 1092 1411; x_wconf 73' lang='lat' dir='ltr'><strong>professoribusfalsum,</strong></span> 
     </span>
     <span class='ocr_line' id='line_1_12' title="bbox 61 1427 1092 1527; baseline -0.001 -24"><span class='ocrx_word' id='word_1_66' title='bbox 61 1451 167 1525; x_wconf 85' lang='lat' dir='ltr'><strong>neque</strong></span> <span class='ocrx_word' id='word_1_67' title='bbox 194 1429 270 1503; x_wconf 86' lang='lat' dir='ltr'><strong>nisi</strong></span> <span class='ocrx_word' id='word_1_68' title='bbox 299 1428 347 1504; x_wconf 92' lang='lat' dir='ltr'><strong>de</strong></span> <span class='ocrx_word' id='word_1_69' title='bbox 368 1429 562 1527; x_wconf 80' lang='lat' dir='ltr'><strong>triangulis</strong></span> <span class='ocrx_word' id='word_1_70' title='bbox 595 1428 796 1503; x_wconf 86' lang='lat' dir='ltr'><strong>rectilineis</strong></span> <span class='ocrx_word' id='word_1_71' title='bbox 825 1427 1092 1518; x_wconf 82' lang='lat' dir='ltr'><strong>universaliter,</strong></span> 
     </span>
     <span class='ocr_line' id='line_1_13' title="bbox 60 1542 456 1638; baseline -0.003 -21"><span class='ocrx_word' id='word_1_72' title='bbox 60 1542 370 1638; x_wconf 78' lang='lat' dir='ltr'><strong>pronunciandum</strong></span> <span class='ocrx_word' id='word_1_73' title='bbox 386 1554 456 1617; x_wconf 89' lang='lat' dir='ltr'><strong>est.</strong></span> 
     </span>
    </p>

    <p class='ocr_par' dir='ltr' id='par_1_3' title="bbox 13 1653 1094 3903">
     <span class='ocr_line' id='line_1_14' title="bbox 100 1653 1093 1753; baseline -0.007 -22"><span class='ocrx_word' id='word_1_74' title='bbox 100 1654 234 1731; x_wconf 82' lang='lat' dir='ltr'><strong>Vidisti</strong></span> <span class='ocrx_word' id='word_1_75' title='bbox 278 1656 356 1753; x_wconf 86' lang='lat' dir='ltr'><strong>jam</strong></span> <span class='ocrx_word' id='word_1_76' title='bbox 384 1666 565 1731; x_wconf 87' lang='lat' dir='ltr'><strong>tractatus</strong></span> <span class='ocrx_word' id='word_1_77' title='bbox 581 1655 749 1743; x_wconf 88' lang='lat' dir='ltr'><strong>Wallisii,</strong></span> <span class='ocrx_word' id='word_1_78' title='bbox 777 1666 859 1727; x_wconf 91' lang='lat' dir='ltr'><strong>tum</strong></span> <span class='ocrx_word' id='word_1_79' title='bbox 895 1653 1093 1749; x_wconf 85' lang='lat' dir='ltr'><strong>geometri-</strong></span> 
     </span>
     <span class='ocr_line' id='line_1_15' title="bbox 61 1765 1091 1862; baseline -0.008 -18"><span class='ocrx_word' id='word_1_80' title='bbox 61 1791 116 1843; x_wconf 81' lang='lat' dir='ltr'><strong>cos</strong></span> <span class='ocrx_word' id='word_1_81' title='bbox 142 1781 225 1843; x_wconf 89' lang='lat' dir='ltr'><strong>tum</strong></span> <span class='ocrx_word' id='word_1_82' title='bbox 254 1768 518 1854; x_wconf 83' lang='lat' dir='ltr'><strong>arithmeticos,</strong></span> <span class='ocrx_word' id='word_1_83' title='bbox 548 1768 683 1841; x_wconf 90' lang='lat' dir='ltr'><strong>nullius</strong></span> <span class='ocrx_word' id='word_1_84' title='bbox 713 1789 793 1840; x_wconf 91' lang='lat' dir='ltr'><strong>esse</strong></span> <span class='ocrx_word' id='word_1_85' title='bbox 818 1766 940 1862; x_wconf 89' lang='lat' dir='ltr'><strong>pretii,</strong></span> <span class='ocrx_word' id='word_1_86' title='bbox 957 1776 1000 1837; x_wconf 88' lang='lat' dir='ltr'><strong>ut</strong></span> <span class='ocrx_word' id='word_1_87' title='bbox 1027 1765 1091 1861; x_wconf 93' lang='lat' dir='ltr'><strong>qui</strong></span> 
     </span>
     <span class='ocr_line' id='line_1_16' title="bbox 62 1879 1094 1957; baseline -0.005 -2"><span class='ocrx_word' id='word_1_88' title='bbox 62 1880 190 1957; x_wconf 85' lang='lat' dir='ltr'><strong>nullam</strong></span> <span class='ocrx_word' id='word_1_89' title='bbox 198 1881 394 1957; x_wconf 88' lang='lat' dir='ltr'><strong>continent</strong></span> <span class='ocrx_word' id='word_1_90' title='bbox 403 1882 482 1956; x_wconf 83' lang='lat' dir='ltr'><strong>veri</strong></span> <span class='ocrx_word' id='word_1_91' title='bbox 491 1880 728 1955; x_wconf 87' lang='lat' dir='ltr'><strong>theorematis</strong></span> <span class='ocrx_word' id='word_1_92' title='bbox 739 1879 1094 1953; x_wconf 90' lang='lat' dir='ltr'><strong>demonstrationem</strong></span> 
     </span>
     <span class='ocr_line' id='line_1_17' title="bbox 61 1992 1094 2090; baseline -0.006 -19"><span class='ocrx_word' id='word_1_93' title='bbox 61 2017 206 2082; x_wconf 72' lang='lat' dir='ltr'><strong>noram</strong></span> <span class='ocrx_word' id='word_1_94' title='bbox 232 1994 301 2071; x_wconf 89' lang='lat' dir='ltr'><strong>sed</strong></span> <span class='ocrx_word' id='word_1_95' title='bbox 323 1995 381 2070; x_wconf 85' lang='lat' dir='ltr'><strong>vel</strong></span> <span class='ocrx_word' id='word_1_96' title='bbox 407 1995 563 2070; x_wconf 88' lang='lat' dir='ltr'><strong>aliorum</strong></span> <span class='ocrx_word' id='word_1_97' title='bbox 590 1992 922 2068; x_wconf 82' lang='lat' dir='ltr'><strong>demonstrationes</strong></span> <span class='ocrx_word' id='word_1_98' title='bbox 948 1993 1094 2090; x_wconf 92' lang='lat' dir='ltr'><strong>symbo-</strong></span> 
     </span>
     <span class='ocr_line' id='line_1_18' title="bbox 61 2104 1094 2204; baseline -0.004 -21"><span class='ocrx_word' id='word_1_99' title='bbox 61 2104 131 2199; x_wconf 83' lang='lat' dir='ltr'><strong>lioe,</strong></span> <span class='ocrx_word' id='word_1_100' title='bbox 147 2108 262 2185; x_wconf 89' lang='lat' dir='ltr'><strong>idest</strong></span> <span class='ocrx_word' id='word_1_101' title='bbox 284 2110 452 2198; x_wconf 82' lang='lat' dir='ltr'><strong>obscure,</strong></span> <span class='ocrx_word' id='word_1_102' title='bbox 481 2108 724 2204; x_wconf 88' lang='lat' dir='ltr'><strong>transcriptas</strong></span> <span class='ocrx_word' id='word_1_103' title='bbox 744 2133 754 2197; x_wconf 89' lang='lat'>;</span> <span class='ocrx_word' id='word_1_104' title='bbox 779 2106 837 2181; x_wconf 90' lang='lat' dir='ltr'><strong>vel</strong></span> <span class='ocrx_word' id='word_1_105' title='bbox 866 2131 951 2181; x_wconf 88' lang='lat' dir='ltr'><strong>suas</strong></span> <span class='ocrx_word' id='word_1_106' title='bbox 981 2106 1094 2203; x_wconf 91' lang='lat' dir='ltr'><strong>ipsius</strong></span> 
     </span>
     <span class='ocr_line' id='line_1_19' title="bbox 61 2219 1093 2319; baseline -0.005 -21"><span class='ocrx_word' id='word_1_107' title='bbox 61 2219 183 2309; x_wconf 58' lang='lat' dir='ltr'><strong>falsam</strong></span> <span class='ocrx_word' id='word_1_108' title='bbox 208 2223 271 2297; x_wconf 86' lang='lat' dir='ltr'><strong>vel</strong></span> <span class='ocrx_word' id='word_1_109' title='bbox 288 2223 400 2297; x_wconf 89' lang='lat' dir='ltr'><strong>etiam</strong></span> <span class='ocrx_word' id='word_1_110' title='bbox 415 2222 624 2319; x_wconf 89' lang='lat' dir='ltr'><strong>aliquando,</strong></span> <span class='ocrx_word' id='word_1_111' title='bbox 641 2220 846 2318; x_wconf 86' lang='lat' dir='ltr'><strong>praesertim</strong></span> <span class='ocrx_word' id='word_1_112' title='bbox 867 2221 906 2294; x_wconf 91' lang='lat' dir='ltr'><strong>in</strong></span> <span class='ocrx_word' id='word_1_113' title='bbox 918 2222 1093 2295; x_wconf 85' lang='lat' dir='ltr'><strong>Tractatu</strong></span> 
     </span>
     <span class='ocr_line' id='line_1_20' title="bbox 61 2332 1092 2431; baseline -0.004 -22.178"><span class='ocrx_word' id='word_1_114' title='bbox 61 2332 101 2409; x_wconf 80' lang='lat' dir='ltr'><strong>de</strong></span> <span class='ocrx_word' id='word_1_115' title='bbox 113 2336 361 2411; x_wconf 76' lang='lat' dir='ltr'><strong>Arithmetica</strong></span> <span class='ocrx_word' id='word_1_116' title='bbox 374 2335 619 2431; x_wconf 62' lang='lat' dir='ltr'><strong>Medorum,</strong></span> <span class='ocrx_word' id='word_1_117' title='bbox 645 2336 875 2409; x_wconf 81' lang='lat' dir='ltr'><strong>theoremata</strong></span> <span class='ocrx_word' id='word_1_118' title='bbox 891 2335 972 2430; x_wconf 84' lang='lat' dir='ltr'><strong>ipsa</strong></span> <span class='ocrx_word' id='word_1_119' title='bbox 987 2334 1092 2407; x_wconf 82' lang='lat' dir='ltr'><strong>falsa.</strong></span> 
     </span>
     <span class='ocr_line' id='line_1_21' title="bbox 61 2445 1092 2547; baseline -0.004 -26"><span class='ocrx_word' id='word_1_120' title='bbox 61 2446 297 2547; x_wconf 75' lang='lat' dir='ltr'><strong>iudicaergo,</strong></span> <span class='ocrx_word' id='word_1_121' title='bbox 315 2449 393 2547; x_wconf 87' lang='lat' dir='ltr'><strong>ipse</strong></span> <span class='ocrx_word' id='word_1_122' title='bbox 407 2448 594 2522; x_wconf 84' lang='lat' dir='ltr'><strong>Wallisius</strong></span> <span class='ocrx_word' id='word_1_123' title='bbox 618 2458 656 2522; x_wconf 93' lang='lat' dir='ltr'><strong>et</strong></span> <span class='ocrx_word' id='word_1_124' title='bbox 674 2445 852 2520; x_wconf 87' lang='lat' dir='ltr'><strong>doctrinae</strong></span> <span class='ocrx_word' id='word_1_125' title='bbox 868 2446 1092 2519; x_wconf 87' lang='lat' dir='ltr'><strong>Wallisianae</strong></span> 
     </span>
     <span class='ocr_line' id='line_1_22' title="bbox 13 2559 1091 2663; baseline -0.006 -26"><span class='ocrx_word' id='word_1_126' title='bbox 13 2564 19 2623; x_wconf 70' lang='grc' dir='ltr'><strong>ἱ</strong></span> <span class='ocrx_word' id='word_1_127' title='bbox 61 2564 352 2663; x_wconf 78' lang='lat' dir='ltr'><strong>comprobatores</strong></span> <span class='ocrx_word' id='word_1_128' title='bbox 368 2574 406 2637; x_wconf 93' lang='lat' dir='ltr'><strong>et</strong></span> <span class='ocrx_word' id='word_1_129' title='bbox 422 2561 668 2647; x_wconf 88' lang='lat' dir='ltr'><strong>encomiastae,</strong></span> <span class='ocrx_word' id='word_1_130' title='bbox 686 2560 811 2656; x_wconf 89' lang='lat' dir='ltr'><strong>quales</strong></span> <span class='ocrx_word' id='word_1_131' title='bbox 842 2569 927 2634; x_wconf 91' lang='lat' dir='ltr'><strong>sunt</strong></span> <span class='ocrx_word' id='word_1_132' title='bbox 949 2559 1091 2631; x_wconf 87' lang='lat' dir='ltr'><strong>mathe-</strong></span> 
     </span>
     <span class='ocr_line' id='line_1_23' title="bbox 62 2670 1092 2773; baseline -0.007 -24"><span class='ocrx_word' id='word_1_133' title='bbox 62 2675 186 2751; x_wconf 83' lang='lat' dir='ltr'><strong>matici.</strong></span> <span class='ocrx_word' id='word_1_134' title='bbox 239 2675 381 2773; x_wconf 81' lang='lat' dir='ltr'><strong>Legisti</strong></span> <span class='ocrx_word' id='word_1_135' title='bbox 409 2675 521 2749; x_wconf 90' lang='lat' dir='ltr'><strong>etiam</strong></span> <span class='ocrx_word' id='word_1_136' title='bbox 548 2672 751 2747; x_wconf 79' lang='lat' dir='ltr'><strong>Elencdum</strong></span> <span class='ocrx_word' id='word_1_137' title='bbox 778 2675 869 2769; x_wconf 87' lang='lat' dir='ltr'><strong>ejus,</strong></span> <span class='ocrx_word' id='word_1_138' title='bbox 900 2684 939 2745; x_wconf 93' lang='lat' dir='ltr'><strong>et</strong></span> <span class='ocrx_word' id='word_1_139' title='bbox 967 2670 1092 2744; x_wconf 89' lang='lat' dir='ltr'><strong>vidisti</strong></span> 
     </span>
     <span class='ocr_line' id='line_1_24' title="bbox 62 2783 1092 2883; baseline -0.008 -20"><span class='ocrx_word' id='word_1_140' title='bbox 62 2808 159 2883; x_wconf 85' lang='lat' dir='ltr'><strong>quam</strong></span> <span class='ocrx_word' id='word_1_141' title='bbox 176 2788 229 2863; x_wconf 87' lang='lat' dir='ltr'><strong>sit</strong></span> <span class='ocrx_word' id='word_1_142' title='bbox 244 2788 404 2863; x_wconf 87' lang='lat' dir='ltr'><strong>refertus</strong></span> <span class='ocrx_word' id='word_1_143' title='bbox 421 2787 592 2863; x_wconf 87' lang='lat' dir='ltr'><strong>convitiis</strong></span> <span class='ocrx_word' id='word_1_144' title='bbox 608 2787 814 2861; x_wconf 89' lang='lat' dir='ltr'><strong>rusticanis.</strong></span> <span class='ocrx_word' id='word_1_145' title='bbox 853 2786 876 2859; x_wconf 91' lang='lat' dir='ltr'>J</span> <span class='ocrx_word' id='word_1_146' title='bbox 879 2783 987 2858; x_wconf 86' lang='lat' dir='ltr'><strong>ndioa</strong></span> <span class='ocrx_word' id='word_1_147' title='bbox 1003 2806 1092 2878; x_wconf 85' lang='lat' dir='ltr'><strong>ergo</strong></span> 
     </span>
     <span class='ocr_line' id='line_1_25' title="bbox 64 2898 1093 2995; baseline -0.006 -18"><span class='ocrx_word' id='word_1_148' title='bbox 64 2922 161 2995; x_wconf 83' lang='lat' dir='ltr'><strong>quam</strong></span> <span class='ocrx_word' id='word_1_149' title='bbox 172 2902 382 2977; x_wconf 84' lang='lat' dir='ltr'><strong>necessarie</strong></span> <span class='ocrx_word' id='word_1_150' title='bbox 398 2900 562 2975; x_wconf 92' lang='lat' dir='ltr'><strong>conditio</strong></span> <span class='ocrx_word' id='word_1_151' title='bbox 579 2900 629 2974; x_wconf 89' lang='lat' dir='ltr'><strong>sit</strong></span> <span class='ocrx_word' id='word_1_152' title='bbox 645 2900 694 2974; x_wconf 92' lang='lat' dir='ltr'><strong>ad</strong></span> <span class='ocrx_word' id='word_1_153' title='bbox 710 2899 906 2994; x_wconf 77' lang='lat' dir='ltr'><strong>theologiae</strong></span> <span class='ocrx_word' id='word_1_154' title='bbox 923 2898 1093 2971; x_wconf 86' lang='lat' dir='ltr'><strong>doctora-</strong></span> 
     </span>
     <span class='ocr_line' id='line_1_26' title="bbox 64 3009 1093 3111; baseline -0.005 -23"><span class='ocrx_word' id='word_1_155' title='bbox 64 3022 143 3105; x_wconf 81' lang='lat' dir='ltr'><strong>tum‚</strong></span> <span class='ocrx_word' id='word_1_156' title='bbox 158 3024 203 3088; x_wconf 91' lang='lat' dir='ltr'><strong>ut</strong></span> <span class='ocrx_word' id='word_1_157' title='bbox 218 3012 302 3111; x_wconf 89' lang='lat' dir='ltr'><strong>qnis</strong></span> <span class='ocrx_word' id='word_1_158' title='bbox 319 3013 369 3086; x_wconf 91' lang='lat' dir='ltr'><strong>sit</strong></span> <span class='ocrx_word' id='word_1_159' title='bbox 384 3013 441 3086; x_wconf 84' lang='lat' dir='ltr'><strong>vir</strong></span> <span class='ocrx_word' id='word_1_160' title='bbox 457 3012 588 3085; x_wconf 88' lang='lat' dir='ltr'><strong>bonus.</strong></span> <span class='ocrx_word' id='word_1_161' title='bbox 624 3011 880 3084; x_wconf 79' lang='lat' dir='ltr'><strong>convitiorum</strong></span> <span class='ocrx_word' id='word_1_162' title='bbox 894 3034 1005 3083; x_wconf 82' lang='lat' dir='ltr'><strong>causa</strong></span> <span class='ocrx_word' id='word_1_163' title='bbox 1021 3009 1093 3083; x_wconf 82' lang='lat' dir='ltr'><strong>suit</strong></span> 
     </span>
     <span class='ocr_line' id='line_1_27' title="bbox 65 3122 1093 3222; baseline -0.006 -20"><span class='ocrx_word' id='word_1_164' title='bbox 65 3122 120 3201; x_wconf 82' lang='lat' dir='ltr'><strong>ira.</strong></span> <span class='ocrx_word' id='word_1_165' title='bbox 169 3126 247 3202; x_wconf 88' lang='lat' dir='ltr'><strong>Sed</strong></span> <span class='ocrx_word' id='word_1_166' title='bbox 257 3149 341 3222; x_wconf 71' lang='lat' dir='ltr'><strong>quae</strong></span> <span class='ocrx_word' id='word_1_167' title='bbox 357 3149 468 3199; x_wconf 87' lang='lat' dir='ltr'><strong>causa</strong></span> <span class='ocrx_word' id='word_1_168' title='bbox 484 3126 574 3199; x_wconf 84' lang='lat' dir='ltr'><strong>irae?</strong></span> <span class='ocrx_word' id='word_1_169' title='bbox 626 3125 780 3220; x_wconf 92' lang='lat' dir='ltr'><strong>Nempe,</strong></span> <span class='ocrx_word' id='word_1_170' title='bbox 791 3124 958 3198; x_wconf 90' lang='lat' dir='ltr'><strong>homines</strong></span> <span class='ocrx_word' id='word_1_171' title='bbox 975 3123 1093 3197; x_wconf 88' lang='lat' dir='ltr'><strong>ambi-</strong></span> 
     </span>
     <span class='ocr_line' id='line_1_28' title="bbox 65 3236 1092 3337; baseline -0.003 -26"><span class='ocrx_word' id='word_1_172' title='bbox 65 3236 137 3313; x_wconf 86' lang='lat' dir='ltr'><strong>tiosi</strong></span> <span class='ocrx_word' id='word_1_173' title='bbox 153 3238 355 3337; x_wconf 90' lang='lat' dir='ltr'><strong>cupidiqne</strong></span> <span class='ocrx_word' id='word_1_174' title='bbox 364 3238 555 3335; x_wconf 84' lang='lat' dir='ltr'><strong>regnandi,</strong></span> <span class='ocrx_word' id='word_1_175' title='bbox 573 3262 648 3311; x_wconf 91' lang='lat' dir='ltr'><strong>non</strong></span> <span class='ocrx_word' id='word_1_176' title='bbox 658 3237 769 3311; x_wconf 92' lang='lat' dir='ltr'><strong>modo</strong></span> <span class='ocrx_word' id='word_1_177' title='bbox 783 3238 821 3310; x_wconf 92' lang='lat' dir='ltr'><strong>in</strong></span> <span class='ocrx_word' id='word_1_178' title='bbox 833 3236 914 3310; x_wconf 83' lang='lat' dir='ltr'><strong>foro</strong></span> <span class='ocrx_word' id='word_1_179' title='bbox 928 3248 1092 3324; x_wconf 87' lang='lat' dir='ltr'><strong>externo,</strong></span> 
     </span>
     <span class='ocr_line' id='line_1_29' title="bbox 66 3349 1093 3447; baseline -0.005 -20"><span class='ocrx_word' id='word_1_180' title='bbox 66 3350 119 3427; x_wconf 78' lang='lat' dir='ltr'><strong>ed</strong></span> <span class='ocrx_word' id='word_1_181' title='bbox 129 3353 243 3429; x_wconf 88' lang='lat' dir='ltr'><strong>etiam</strong></span> <span class='ocrx_word' id='word_1_182' title='bbox 261 3352 302 3425; x_wconf 91' lang='lat' dir='ltr'><strong>in</strong></span> <span class='ocrx_word' id='word_1_183' title='bbox 317 3351 476 3441; x_wconf 89' lang='lat' dir='ltr'><strong>interno,</strong></span> <span class='ocrx_word' id='word_1_184' title='bbox 492 3350 541 3425; x_wconf 90' lang='lat' dir='ltr'><strong>ad</strong></span> <span class='ocrx_word' id='word_1_185' title='bbox 557 3374 666 3426; x_wconf 90' lang='lat' dir='ltr'><strong>omne</strong></span> <span class='ocrx_word' id='word_1_186' title='bbox 684 3349 825 3423; x_wconf 90' lang='lat' dir='ltr'><strong>dictum</strong></span> <span class='ocrx_word' id='word_1_187' title='bbox 837 3350 895 3423; x_wconf 87' lang='lat' dir='ltr'><strong>vel</strong></span> <span class='ocrx_word' id='word_1_188' title='bbox 915 3350 1093 3447; x_wconf 91' lang='lat' dir='ltr'><strong>scriptum</strong></span> 
     </span>
     <span class='ocr_line' id='line_1_30' title="bbox 66 3463 1093 3561; baseline -0.005 -20"><span class='ocrx_word' id='word_1_189' title='bbox 66 3466 152 3559; x_wconf 87' lang='lat' dir='ltr'><strong>quod</strong></span> <span class='ocrx_word' id='word_1_190' title='bbox 167 3463 365 3561; x_wconf 77' lang='lat' dir='ltr'><strong>cupiditati</strong></span> <span class='ocrx_word' id='word_1_191' title='bbox 377 3487 505 3538; x_wconf 87' lang='lat' dir='ltr'><strong>eorum</strong></span> <span class='ocrx_word' id='word_1_192' title='bbox 522 3463 749 3553; x_wconf 88' lang='lat' dir='ltr'><strong>adversatur,</strong></span> <span class='ocrx_word' id='word_1_193' title='bbox 767 3463 866 3536; x_wconf 92' lang='lat' dir='ltr'><strong>illico</strong></span> <span class='ocrx_word' id='word_1_194' title='bbox 894 3463 1093 3537; x_wconf 78' lang='lat' dir='ltr'><strong>excandes-</strong></span> 
     </span>
     <span class='ocr_line' id='line_1_31' title="bbox 67 3577 1092 3675; baseline -0.005 -22"><span class='ocrx_word' id='word_1_195' title='bbox 67 3588 166 3666; x_wconf 73' lang='lat' dir='ltr'><strong>etmt3</strong></span> <span class='ocrx_word' id='word_1_196' title='bbox 209 3587 249 3653; x_wconf 90' lang='lat' dir='ltr'><strong>et</strong></span> <span class='ocrx_word' id='word_1_197' title='bbox 285 3577 467 3675; x_wconf 88' lang='lat' dir='ltr'><strong>siquidem</strong></span> <span class='ocrx_word' id='word_1_198' title='bbox 500 3577 651 3668; x_wconf 88' lang='lat' dir='ltr'><strong>audent,</strong></span> <span class='ocrx_word' id='word_1_199' title='bbox 685 3577 890 3651; x_wconf 86' lang='lat' dir='ltr'><strong>maledictis</strong></span> <span class='ocrx_word' id='word_1_200' title='bbox 924 3588 1092 3650; x_wconf 87' lang='lat' dir='ltr'><strong>onerant.</strong></span> 
     </span>
     <span class='ocr_line' id='line_1_32' title="bbox 68 3688 1093 3789; baseline -0.009 -20"><span class='ocrx_word' id='word_1_201' title='bbox 68 3688 311 3769; x_wconf 62' lang='lat' dir='ltr'><strong>Qsaautem</strong></span> <span class='ocrx_word' id='word_1_202' title='bbox 328 3692 547 3789; x_wconf 77' lang='lat' dir='ltr'><strong>ignorantiae</strong></span> <span class='ocrx_word' id='word_1_203' title='bbox 564 3703 634 3781; x_wconf 90' lang='lat' dir='ltr'><strong>est,</strong></span> <span class='ocrx_word' id='word_1_204' title='bbox 651 3691 786 3787; x_wconf 87' lang='lat' dir='ltr'><strong>partim</strong></span> <span class='ocrx_word' id='word_1_205' title='bbox 804 3690 904 3787; x_wconf 92' lang='lat' dir='ltr'><strong>quod</strong></span> <span class='ocrx_word' id='word_1_206' title='bbox 921 3689 1093 3764; x_wconf 85' lang='lat' dir='ltr'><strong>scientias</strong></span> 
     </span>
     <span class='ocr_line' id='line_1_33' title="bbox 67 3799 1093 3903; baseline -0.007 -26"><span class='ocrx_word' id='word_1_207' title='bbox 67 3822 130 3880; x_wconf 85' lang='lat' dir='ltr'><strong>non</strong></span> <span class='ocrx_word' id='word_1_208' title='bbox 143 3807 310 3903; x_wconf 85' lang='lat' dir='ltr'><strong>ipsarum</strong></span> <span class='ocrx_word' id='word_1_209' title='bbox 323 3828 461 3895; x_wconf 88' lang='lat' dir='ltr'><strong>amore,</strong></span> <span class='ocrx_word' id='word_1_210' title='bbox 479 3803 544 3879; x_wconf 87' lang='lat' dir='ltr'><strong>sed</strong></span> <span class='ocrx_word' id='word_1_211' title='bbox 562 3804 780 3879; x_wconf 88' lang='lat' dir='ltr'><strong>lucricausa</strong></span> <span class='ocrx_word' id='word_1_212' title='bbox 801 3805 951 3891; x_wconf 91' lang='lat' dir='ltr'><strong>adeunt,</strong></span> <span class='ocrx_word' id='word_1_213' title='bbox 969 3813 1010 3873; x_wconf 91' lang='lat' dir='ltr'><strong>ut</strong></span> <span class='ocrx_word' id='word_1_214' title='bbox 1028 3799 1093 3871; x_wconf 90' lang='lat' dir='ltr'><strong>sti-</strong></span> 
     </span>
    </p>
   </div>
   <div class='ocr_carea' id='block_1_3' title="bbox 67 3913 1094 4029">
    <p class='ocr_par' dir='ltr' id='par_1_4' title="bbox 67 3913 1094 4029">
     <span class='ocr_line' id='line_1_34' title="bbox 67 3913 1094 4029; baseline -0.015 -32"><span class='ocrx_word' id='word_1_215' title='bbox 67 3918 187 4009; x_wconf 72' lang='lat' dir='ltr'><strong>pendia</strong></span> <span class='ocrx_word' id='word_1_216' title='bbox 211 3930 450 4029; x_wconf 85' lang='lat' dir='ltr'><strong>mereantur;</strong></span> <span class='ocrx_word' id='word_1_217' title='bbox 476 3919 634 3993; x_wconf 86' lang='lat' dir='ltr'><strong>maxime</strong></span> <span class='ocrx_word' id='word_1_218' title='bbox 657 3942 745 3993; x_wconf 84' lang='lat' dir='ltr'><strong>vero</strong></span> <span class='ocrx_word' id='word_1_219' title='bbox 776 3918 875 4014; x_wconf 92' lang='lat' dir='ltr'><strong>quod</strong></span> <span class='ocrx_word' id='word_1_220' title='bbox 902 3913 1094 3990; x_wconf 85' lang='lat' dir='ltr'><strong>scientiam</strong></span> 
     </span>
    </p>
   </div>
   <div class='ocr_carea' id='block_1_4' title="bbox 265 4101 985 4261">
    <p class='ocr_par' dir='ltr' id='par_1_5' title="bbox 265 4101 985 4261">
     <span class='ocr_line' id='line_1_35' title="bbox 265 4101 887 4177; baseline -0.005 -12"><span class='ocrx_word' id='word_1_221' title='bbox 265 4103 284 4140; x_wconf 74' lang='lat'>⁸</span> <span class='ocrx_word' id='word_1_222' title='bbox 300 4102 351 4165; x_wconf 83' lang='lat' dir='ltr'><strong>sie</strong></span> <span class='ocrx_word' id='word_1_223' title='bbox 364 4102 444 4165; x_wconf 81' lang='lat' dir='ltr'><strong>Edit.</strong></span> <span class='ocrx_word' id='word_1_224' title='bbox 462 4107 547 4165; x_wconf 87' lang='grc'><strong>1688.</strong></span> <span class='ocrx_word' id='word_1_225' title='bbox 591 4101 705 4177; x_wconf 69' lang='lat' dir='ltr'><strong>Quare,</strong></span> <span class='ocrx_word' id='word_1_226' title='bbox 722 4102 887 4162; x_wconf 75' lang='lat' dir='ltr'><strong>“infinite”</strong></span> 
     </span>
     <span class='ocr_line' id='line_1_36' title="bbox 924 4207 985 4261; baseline 0 -8"><span class='ocrx_word' id='word_1_227' title='bbox 924 4207 950 4261; x_wconf 77' lang='lat' dir='ltr'>O</span> <span class='ocrx_word' id='word_1_228' title='bbox 967 4207 985 4253; x_wconf 65' lang='grc' dir='ltr'><strong>Ἃ</strong></span> 
     </span>
    </p>
   </div>
   <div class='ocr_carea' id='block_1_5' title="bbox 1124 327 1276 367">
    <p class='ocr_par' dir='ltr' id='par_1_6' title="bbox 1124 327 1276 367">
     <span class='ocr_line' id='line_1_37' title="bbox 1124 327 1276 367; baseline -0.007 0"><span class='ocrx_word' id='word_1_229' title='bbox 1124 327 1276 367; x_wconf 74' lang='grc' dir='ltr'><strong>ΒῙΛῙ.00118</strong></span> 
     </span>
    </p>
   </div>
   <div class='ocr_carea' id='block_1_6' title="bbox 1131 408 1274 510">
    <p class='ocr_par' dir='ltr' id='par_1_7' title="bbox 1131 408 1274 510">
     <span class='ocr_line' id='line_1_38' title="bbox 1194 408 1222 446; baseline 0.036 -1"><span class='ocrx_word' id='word_1_230' title='bbox 1194 408 1222 446; x_wconf 92' lang='lat' dir='ltr'><strong>v.</strong></span> 
     </span>
     <span class='ocr_line' id='line_1_39' title="bbox 1131 474 1274 510; baseline 0 0"><span class='ocrx_word' id='word_1_231' title='bbox 1131 474 1274 510; x_wconf 53' lang='grc' dir='ltr'>υ-γ-ν</span> 
     </span>
    </p>
   </div>
   <div class='ocr_carea' id='block_1_7' title="bbox 0 0 1322 5092">
    <p class='ocr_par' dir='ltr' id='par_1_8' title="bbox 0 0 1322 5092">
     <span class='ocr_line' id='line_1_40' title="bbox 0 0 1322 5092; baseline 0 0"><span class='ocrx_word' id='word_1_232' title='bbox 0 0 1322 5092; x_wconf 95' lang='lat' dir='ltr'><strong> </strong></span> 
     </span>
    </p>
   </div>
  </div>
 </body>
</html>
