<?xml version="1.0" encoding="UTF-8"?>
<!DOCTYPE html PUBLIC "-//W3C//DTD XHTML 1.0 Transitional//EN"
    "http://www.w3.org/TR/xhtml1/DTD/xhtml1-transitional.dtd">
<html xmlns="http://www.w3.org/1999/xhtml" xml:lang="en" lang="en">
 <head>
  <title>
</title>
<meta http-equiv="Content-Type" content="text/html;charset=utf-8" />
  <meta name='ocr-system' content='tesseract 3.04.00' />
  <meta name='ocr-capabilities' content='ocr_page ocr_carea ocr_par ocr_line ocrx_word'/>
</head>
<body>
  <div class='ocr_page' id='page_1' title='image "./thomhobbesmalme03hobbgoog_0455.png"; bbox 0 0 2618 5092; ppageno 0'>
   <div class='ocr_carea' id='block_1_1' title="bbox 237 666 1158 734">
    <p class='ocr_par' dir='ltr' id='par_1_1' title="bbox 237 666 1158 734">
     <span class='ocr_line' id='line_1_1' title="bbox 237 666 1158 734; baseline -0.003 -3"><span class='ocrx_word' id='word_1_1' title='bbox 237 666 312 734; x_wconf 79' lang='grc'><strong>440</strong></span> <span class='ocrx_word' id='word_1_2' title='bbox 388 678 444 733; x_wconf 76' lang='lat' dir='ltr'><strong>DE</strong></span> <span class='ocrx_word' id='word_1_3' title='bbox 463 674 695 731; x_wconf 65' lang='lat' dir='ltr'><strong>euraclum</strong></span> <span class='ocrx_word' id='word_1_4' title='bbox 714 674 767 729; x_wconf 68' lang='lat' dir='ltr'>E&#39;l&#39;</span> <span class='ocrx_word' id='word_1_5' title='bbox 783 672 1158 731; x_wconf 69' lang='lat' dir='ltr'><strong>M‘l&#39;locltdffloss</strong></span> 
     </span>
    </p>
   </div>
   <div class='ocr_carea' id='block_1_2' title="bbox 47 838 1277 1168">
    <p class='ocr_par' dir='ltr' id='par_1_2' title="bbox 47 838 1277 1168">
     <span class='ocr_line' id='line_1_2' title="bbox 47 838 1275 943; baseline -0.002 -25"><span class='ocrx_word' id='word_1_6' title='bbox 47 876 107 918; x_wconf 70' lang='lat' dir='ltr'><strong>rar.</strong></span> <span class='ocrx_word' id='word_1_7' title='bbox 122 872 211 916; x_wconf 78' lang='lat' dir='ltr'><strong>xvrn.</strong></span> <span class='ocrx_word' id='word_1_8' title='bbox 237 842 490 943; x_wconf 71' lang='lat' dir='ltr'><strong>multiplicatis</strong></span> <span class='ocrx_word' id='word_1_9' title='bbox 510 853 607 922; x_wconf 81' lang='lat'>1000</span> <span class='ocrx_word' id='word_1_10' title='bbox 622 842 781 943; x_wconf 66' lang='lat' dir='ltr'><strong>pedibus</strong></span> <span class='ocrx_word' id='word_1_11' title='bbox 795 866 865 941; x_wconf 79' lang='lat' dir='ltr'><strong>per</strong></span> <span class='ocrx_word' id='word_1_12' title='bbox 883 840 1090 920; x_wconf 69' lang='lat' dir='ltr'><strong>numm</strong></span> <span class='ocrx_word' id='word_1_13' title='bbox 1115 848 1199 933; x_wconf 83' lang='lat'><strong>1⁰⁰,</strong></span> <span class='ocrx_word' id='word_1_14' title='bbox 1212 838 1275 915; x_wconf 69' lang='lat' dir='ltr'><strong>uri·</strong></span> 
     </span>
     <span class='ocr_line' id='line_1_3' title="bbox 47 943 1276 1041; baseline -0.004 -6"><span class='ocrx_word' id='word_1_15' title='bbox 47 943 197 1035; x_wconf 62' lang='grc' dir='ltr'><strong>υἷήἶῖ</strong></span> <span class='ocrx_word' id='word_1_16' title='bbox 238 971 301 1034; x_wconf 89' lang='lat' dir='ltr'><strong>tur</strong></span> <span class='ocrx_word' id='word_1_17' title='bbox 317 961 435 1033; x_wconf 91' lang='lat' dir='ltr'><strong>cubus</strong></span> <span class='ocrx_word' id='word_1_18' title='bbox 447 983 471 1033; x_wconf 84' lang='lat' dir='ltr'><strong>a</strong></span> <span class='ocrx_word' id='word_1_19' title='bbox 485 968 566 1032; x_wconf 90' lang='lat' dir='ltr'><strong>toto</strong></span> <span class='ocrx_word' id='word_1_20' title='bbox 582 957 711 1033; x_wconf 84' lang='lat' dir='ltr'><strong>lutere.</strong></span> <span class='ocrx_word' id='word_1_21' title='bbox 761 956 969 1032; x_wconf 76' lang='lat' dir='ltr'><strong>Potuerunt</strong></span> <span class='ocrx_word' id='word_1_22' title='bbox 984 954 1122 1031; x_wconf 86' lang='lat' dir='ltr'><strong>eodem</strong></span> <span class='ocrx_word' id='word_1_23' title='bbox 1132 952 1276 1041; x_wconf 75' lang='lat' dir='ltr'><strong>retime-</strong></span> 
     </span>
     <span class='ocr_line' id='line_1_4' title="bbox 47 1054 1277 1168; baseline -0.006 -19"><span class='ocrx_word' id='word_1_24' title='bbox 47 1054 211 1107; x_wconf 54' lang='lat' dir='ltr'><strong>ffl²</strong></span> <span class='ocrx_word' id='word_1_25' title='bbox 238 1072 357 1148; x_wconf 70' lang='lat' dir='ltr'><strong>nmo</strong></span> <span class='ocrx_word' id='word_1_26' title='bbox 380 1073 497 1147; x_wconf 74' lang='lat' dir='ltr'><strong>aere</strong></span> <span class='ocrx_word' id='word_1_27' title='bbox 515 1070 687 1168; x_wconf 71' lang='lat' dir='ltr'><strong>quoae</strong></span> <span class='ocrx_word' id='word_1_28' title='bbox 701 1068 884 1159; x_wconf 67' lang='lat' dir='ltr'><strong>nmmo,</strong></span> <span class='ocrx_word' id='word_1_29' title='bbox 901 1090 950 1143; x_wconf 71' lang='lat' dir='ltr'><strong>ex</strong></span> <span class='ocrx_word' id='word_1_30' title='bbox 976 1065 1277 1167; x_wconf 62' lang='lat' dir='ltr'><strong>neopum</strong></span> 
     </span>
    </p>
   </div>
   <div class='ocr_carea' id='block_1_3' title="bbox 236 1180 1287 4566">
    <p class='ocr_par' dir='ltr' id='par_1_3' title="bbox 237 1180 1278 1396">
     <span class='ocr_line' id='line_1_5' title="bbox 238 1180 1278 1283; baseline -0.007 -21"><span class='ocrx_word' id='word_1_31' title='bbox 238 1186 355 1262; x_wconf 79' lang='lat' dir='ltr'><strong>sina</strong></span> <span class='ocrx_word' id='word_1_32' title='bbox 374 1184 615 1283; x_wconf 85' lang='lat' dir='ltr'><strong>pronuntiare</strong></span> <span class='ocrx_word' id='word_1_33' title='bbox 630 1180 1278 1281; x_wconf 69' lang='lat' dir='ltr'><strong>quatuorsemintemaeqmlims</strong></span> 
     </span>
     <span class='ocr_line' id='line_1_6' title="bbox 237 1298 520 1396; baseline 0 -24"><span class='ocrx_word' id='word_1_34' title='bbox 237 1298 309 1396; x_wconf 88' lang='lat' dir='ltr'><strong>ipsi</strong></span> <span class='ocrx_word' id='word_1_35' title='bbox 326 1298 520 1396; x_wconf 85' lang='lat' dir='ltr'><strong>quadrato.</strong></span> 
     </span>
    </p>

    <p class='ocr_par' dir='ltr' id='par_1_4' title="bbox 236 1404 1279 2527">
     <span class='ocr_line' id='line_1_7' title="bbox 289 1404 1277 1508; baseline -0.005 -23"><span class='ocrx_word' id='word_1_36' title='bbox 289 1411 384 1486; x_wconf 84' lang='lat' dir='ltr'><strong>Haec</strong></span> <span class='ocrx_word' id='word_1_37' title='bbox 406 1422 449 1487; x_wconf 90' lang='lat' dir='ltr'><strong>to</strong></span> <span class='ocrx_word' id='word_1_38' title='bbox 471 1409 689 1485; x_wconf 73' lang='lat' dir='ltr'><strong>absurdiora</strong></span> <span class='ocrx_word' id='word_1_39' title='bbox 711 1432 794 1485; x_wconf 89' lang='lat' dir='ltr'><strong>esse</strong></span> <span class='ocrx_word' id='word_1_40' title='bbox 816 1408 979 1507; x_wconf 61' lang='lat' dir='ltr'><strong>putatia</strong></span> <span class='ocrx_word' id='word_1_41' title='bbox 996 1430 1115 1508; x_wconf 83' lang='lat' dir='ltr'><strong>quern</strong></span> <span class='ocrx_word' id='word_1_42' title='bbox 1131 1414 1177 1481; x_wconf 88' lang='lat' dir='ltr'><strong>ut</strong></span> <span class='ocrx_word' id='word_1_43' title='bbox 1190 1404 1277 1503; x_wconf 72' lang='lat' dir='ltr'><strong>quie</strong></span> 
     </span>
     <span class='ocr_line' id='line_1_8' title="bbox 238 1518 1276 1622; baseline -0.004 -25"><span class='ocrx_word' id='word_1_44' title='bbox 238 1548 350 1621; x_wconf 89' lang='lat' dir='ltr'><strong>quom</strong></span> <span class='ocrx_word' id='word_1_45' title='bbox 366 1524 421 1598; x_wconf 89' lang='lat' dir='ltr'><strong>ita</strong></span> <span class='ocrx_word' id='word_1_46' title='bbox 435 1534 680 1622; x_wconf 81' lang='lat' dir='ltr'><strong>computaret.</strong></span> <span class='ocrx_word' id='word_1_47' title='bbox 721 1523 798 1599; x_wconf 85' lang='lat' dir='ltr'><strong>Sed</strong></span> <span class='ocrx_word' id='word_1_48' title='bbox 813 1524 868 1599; x_wconf 82' lang='lat' dir='ltr'><strong>ita</strong></span> <span class='ocrx_word' id='word_1_49' title='bbox 881 1534 941 1599; x_wconf 92' lang='lat' dir='ltr'><strong>est</strong></span> <span class='ocrx_word' id='word_1_50' title='bbox 955 1552 967 1598; x_wconf 77' lang='lat' dir='ltr'><strong>r</strong></span> <span class='ocrx_word' id='word_1_51' title='bbox 992 1546 1068 1597; x_wconf 89' lang='lat' dir='ltr'><strong>nec</strong></span> <span class='ocrx_word' id='word_1_52' title='bbox 1083 1520 1228 1609; x_wconf 82' lang='lat' dir='ltr'><strong>moniti,</strong></span> <span class='ocrx_word' id='word_1_53' title='bbox 1238 1518 1276 1593; x_wconf 85' lang='lat' dir='ltr'><strong>eb</strong></span> 
     </span>
     <span class='ocr_line' id='line_1_9' title="bbox 237 1634 1276 1735; baseline -0.003 -25"><span class='ocrx_word' id='word_1_54' title='bbox 237 1636 302 1711; x_wconf 87' lang='lat' dir='ltr'><strong>illa</strong></span> <span class='ocrx_word' id='word_1_55' title='bbox 327 1638 605 1735; x_wconf 87' lang='lat' dir='ltr'><strong>computatione</strong></span> <span class='ocrx_word' id='word_1_56' title='bbox 631 1636 824 1711; x_wconf 89' lang='lat' dir='ltr'><strong>desistunt</strong></span> <span class='ocrx_word' id='word_1_57' title='bbox 874 1637 936 1713; x_wconf 84' lang='lat' dir='ltr'><strong>lte</strong></span> <span class='ocrx_word' id='word_1_58' title='bbox 952 1634 1189 1733; x_wconf 74' lang='lat' dir='ltr'><strong>computavit</strong></span> <span class='ocrx_word' id='word_1_59' title='bbox 1201 1656 1276 1730; x_wconf 85' lang='lat' dir='ltr'><strong>geo</strong></span> 
     </span>
     <span class='ocr_line' id='line_1_10' title="bbox 236 1744 1277 1849; baseline 0 -26"><span class='ocrx_word' id='word_1_60' title='bbox 236 1760 358 1824; x_wconf 88' lang='lat' dir='ltr'><strong>metra</strong></span> <span class='ocrx_word' id='word_1_61' title='bbox 373 1750 536 1847; x_wconf 82' lang='lat' dir='ltr'><strong>quidam,</strong></span> <span class='ocrx_word' id='word_1_62' title='bbox 553 1751 629 1848; x_wconf 93' lang='lat' dir='ltr'><strong>qui,</strong></span> <span class='ocrx_word' id='word_1_63' title='bbox 646 1762 800 1849; x_wconf 88' lang='lat' dir='ltr'><strong>propter</strong></span> <span class='ocrx_word' id='word_1_64' title='bbox 816 1749 953 1824; x_wconf 86' lang='lat' dir='ltr'><strong>librum</strong></span> <span class='ocrx_word' id='word_1_65' title='bbox 970 1772 1087 1847; x_wconf 88' lang='lat' dir='ltr'><strong>quem</strong></span> <span class='ocrx_word' id='word_1_66' title='bbox 1102 1744 1277 1843; x_wconf 80' lang='lat' dir='ltr'><strong>inscripsit</strong></span> 
     </span>
     <span class='ocr_line' id='line_1_11' title="bbox 239 1859 1277 1961; baseline -0.004 -25"><span class='ocrx_word' id='word_1_67' title='bbox 239 1862 497 1955; x_wconf 80' lang='lat' dir='ltr'><strong>Mesolodr&#39;uor,</strong></span> <span class='ocrx_word' id='word_1_68' title='bbox 514 1864 670 1939; x_wconf 87' lang='lat' dir='ltr'><strong>celebris</strong></span> <span class='ocrx_word' id='word_1_69' title='bbox 694 1874 778 1938; x_wconf 86' lang='lat' dir='ltr'><strong>est:</strong></span> <span class='ocrx_word' id='word_1_70' title='bbox 804 1865 1042 1961; x_wconf 83' lang='lat' dir='ltr'><strong>monitusque</strong></span> <span class='ocrx_word' id='word_1_71' title='bbox 1069 1859 1218 1949; x_wconf 84' lang='lat' dir='ltr'><strong>erroris,</strong></span> <span class='ocrx_word' id='word_1_72' title='bbox 1232 1881 1277 1932; x_wconf 88' lang='lat' dir='ltr'><strong>re·</strong></span> 
     </span>
     <span class='ocr_line' id='line_1_12' title="bbox 240 1976 1276 2075; baseline -0.003 -26"><span class='ocrx_word' id='word_1_73' title='bbox 240 1976 390 2074; x_wconf 79' lang='lat' dir='ltr'><strong>spondit</strong></span> <span class='ocrx_word' id='word_1_74' title='bbox 406 1977 460 2051; x_wconf 91' lang='lat' dir='ltr'><strong>ita</strong></span> <span class='ocrx_word' id='word_1_75' title='bbox 476 2001 516 2052; x_wconf 85' lang='lat' dir='ltr'><strong>se</strong></span> <span class='ocrx_word' id='word_1_76' title='bbox 538 1988 773 2075; x_wconf 79' lang='lat' dir='ltr'><strong>computasse</strong></span> <span class='ocrx_word' id='word_1_77' title='bbox 795 1976 892 2051; x_wconf 87' lang='lat' dir='ltr'><strong>sicut</strong></span> <span class='ocrx_word' id='word_1_78' title='bbox 917 1984 1191 2073; x_wconf 83' lang='lat' dir='ltr'><strong>computoruot</strong></span> <span class='ocrx_word' id='word_1_79' title='bbox 1204 1994 1276 2069; x_wconf 86' lang='lat' dir='ltr'><strong>geo</strong></span> 
     </span>
     <span class='ocr_line' id='line_1_13' title="bbox 239 2085 1278 2187; baseline -0.001 -26"><span class='ocrx_word' id='word_1_80' title='bbox 239 2101 371 2163; x_wconf 82' lang='lat' dir='ltr'><strong>metrae</strong></span> <span class='ocrx_word' id='word_1_81' title='bbox 403 2112 532 2163; x_wconf 89' lang='lat' dir='ltr'><strong>omues</strong></span> <span class='ocrx_word' id='word_1_82' title='bbox 556 2089 620 2187; x_wconf 93' lang='lat' dir='ltr'><strong>qui</strong></span> <span class='ocrx_word' id='word_1_83' title='bbox 646 2088 811 2179; x_wconf 80' lang='lat' dir='ltr'><strong>suerunt,</strong></span> <span class='ocrx_word' id='word_1_84' title='bbox 834 2086 898 2187; x_wconf 92' lang='lat' dir='ltr'><strong>qui</strong></span> <span class='ocrx_word' id='word_1_85' title='bbox 919 2099 1024 2178; x_wconf 88' lang='lat' dir='ltr'><strong>sunt,</strong></span> <span class='ocrx_word' id='word_1_86' title='bbox 1050 2098 1092 2162; x_wconf 87' lang='lat' dir='ltr'><strong>et</strong></span> <span class='ocrx_word' id='word_1_87' title='bbox 1116 2085 1183 2183; x_wconf 89' lang='lat' dir='ltr'><strong>qui</strong></span> <span class='ocrx_word' id='word_1_88' title='bbox 1204 2094 1278 2182; x_wconf 85' lang='lat' dir='ltr'><strong>post</strong></span> 
     </span>
     <span class='ocr_line' id='line_1_14' title="bbox 240 2200 1277 2298; baseline -0.003 -24"><span class='ocrx_word' id='word_1_89' title='bbox 240 2212 351 2276; x_wconf 88' lang='lat' dir='ltr'><strong>erunt</strong></span> <span class='ocrx_word' id='word_1_90' title='bbox 366 2201 449 2276; x_wconf 90' lang='lat' dir='ltr'><strong>aliis</strong></span> <span class='ocrx_word' id='word_1_91' title='bbox 466 2202 504 2275; x_wconf 93' lang='lat' dir='ltr'><strong>iu</strong></span> <span class='ocrx_word' id='word_1_92' title='bbox 521 2203 641 2277; x_wconf 90' lang='lat' dir='ltr'><strong>annis.</strong></span> <span class='ocrx_word' id='word_1_93' title='bbox 691 2202 795 2276; x_wconf 89' lang='lat' dir='ltr'><strong>Nihil</strong></span> <span class='ocrx_word' id='word_1_94' title='bbox 811 2224 901 2298; x_wconf 88' lang='lat' dir='ltr'><strong>ergo</strong></span> <span class='ocrx_word' id='word_1_95' title='bbox 921 2200 987 2275; x_wconf 91' lang='lat' dir='ltr'><strong>hic</strong></span> <span class='ocrx_word' id='word_1_96' title='bbox 1009 2200 1207 2275; x_wconf 81' lang='lat' dir='ltr'><strong>calumnie</strong></span> <span class='ocrx_word' id='word_1_97' title='bbox 1220 2207 1277 2271; x_wconf 68' lang='lat' dir='ltr'><strong>est.</strong></span> 
     </span>
     <span class='ocr_line' id='line_1_15' title="bbox 241 2313 1279 2391; baseline -0.003 -2"><span class='ocrx_word' id='word_1_98' title='bbox 241 2314 343 2389; x_wconf 79' lang='lat' dir='ltr'><strong>Quid</strong></span> <span class='ocrx_word' id='word_1_99' title='bbox 365 2328 490 2389; x_wconf 89' lang='lat' dir='ltr'><strong>autem</strong></span> <span class='ocrx_word' id='word_1_100' title='bbox 512 2316 595 2390; x_wconf 89' lang='lat' dir='ltr'><strong>illos</strong></span> <span class='ocrx_word' id='word_1_101' title='bbox 611 2341 635 2390; x_wconf 92' lang='lat' dir='ltr'><strong>a</strong></span> <span class='ocrx_word' id='word_1_102' title='bbox 650 2339 760 2391; x_wconf 86' lang='lat' dir='ltr'><strong>sensu</strong></span> <span class='ocrx_word' id='word_1_103' title='bbox 786 2314 975 2391; x_wconf 86' lang='lat' dir='ltr'><strong>communi</strong></span> <span class='ocrx_word' id='word_1_104' title='bbox 1001 2313 1184 2388; x_wconf 78' lang='lat' dir='ltr'><strong>seducere</strong></span> <span class='ocrx_word' id='word_1_105' title='bbox 1207 2324 1279 2386; x_wconf 84' lang='lat' dir='ltr'><strong>too-</strong></span> 
     </span>
     <span class='ocr_line' id='line_1_16' title="bbox 240 2429 486 2527; baseline 0.012 -26"><span class='ocrx_word' id='word_1_106' title='bbox 240 2441 321 2502; x_wconf 88' lang='lat' dir='ltr'><strong>tum</strong></span> <span class='ocrx_word' id='word_1_107' title='bbox 338 2429 486 2527; x_wconf 79' lang='lat' dir='ltr'><strong>potuit?</strong></span> 
     </span>
    </p>

    <p class='ocr_par' dir='ltr' id='par_1_5' title="bbox 241 2535 1280 2865">
     <span class='ocr_line' id='line_1_17' title="bbox 290 2535 1280 2640; baseline -0.006 -26"><span class='ocrx_word' id='word_1_108' title='bbox 290 2542 446 2640; x_wconf 88' lang='lat' dir='ltr'><strong>Decepit</strong></span> <span class='ocrx_word' id='word_1_109' title='bbox 461 2542 555 2632; x_wconf 90' lang='lat' dir='ltr'><strong>illos,</strong></span> <span class='ocrx_word' id='word_1_110' title='bbox 572 2542 704 2640; x_wconf 88' lang='lat' dir='ltr'><strong>primo,</strong></span> <span class='ocrx_word' id='word_1_111' title='bbox 721 2542 806 2616; x_wconf 88' lang='lat' dir='ltr'><strong>idea</strong></span> <span class='ocrx_word' id='word_1_112' title='bbox 823 2540 995 2640; x_wconf 90' lang='lat' dir='ltr'><strong>quadrati</strong></span> <span class='ocrx_word' id='word_1_113' title='bbox 1013 2539 1163 2614; x_wconf 86' lang='lat' dir='ltr'><strong>numeri</strong></span> <span class='ocrx_word' id='word_1_114' title='bbox 1176 2535 1280 2636; x_wconf 85' lang='lat' dir='ltr'><strong>qualis</strong></span> 
     </span>
     <span class='ocr_line' id='line_1_18' title="bbox 241 2652 1280 2753; baseline -0.003 -27"><span class='ocrx_word' id='word_1_115' title='bbox 241 2654 466 2751; x_wconf 84' lang='lat' dir='ltr'><strong>appingitur,</strong></span> <span class='ocrx_word' id='word_1_116' title='bbox 483 2656 522 2729; x_wconf 92' lang='lat' dir='ltr'><strong>iu</strong></span> <span class='ocrx_word' id='word_1_117' title='bbox 539 2680 612 2751; x_wconf 92' lang='lat' dir='ltr'><strong>qua</strong></span> <span class='ocrx_word' id='word_1_118' title='bbox 628 2655 746 2729; x_wconf 85' lang='lat' dir='ltr'><strong>lutera</strong></span> <span class='ocrx_word' id='word_1_119' title='bbox 768 2656 1016 2753; x_wconf 87' lang='lat' dir='ltr'><strong>multiplicata</strong></span> <span class='ocrx_word' id='word_1_120' title='bbox 1034 2656 1075 2729; x_wconf 88' lang='lat' dir='ltr'><strong>in</strong></span> <span class='ocrx_word' id='word_1_121' title='bbox 1094 2677 1135 2728; x_wconf 86' lang='lat' dir='ltr'><strong>se</strong></span> <span class='ocrx_word' id='word_1_122' title='bbox 1152 2652 1280 2727; x_wconf 82' lang='lat' dir='ltr'><strong>faciunt</strong></span> 
     </span>
     <span class='ocr_line' id='line_1_19' title="bbox 241 2769 688 2865; baseline 0.004 -25"><span class='ocrx_word' id='word_1_123' title='bbox 241 2790 435 2841; x_wconf 87' lang='lat' dir='ltr'><strong>numerum</strong></span> <span class='ocrx_word' id='word_1_124' title='bbox 454 2769 688 2865; x_wconf 89' lang='lat' dir='ltr'><strong>quadratum.</strong></span> 
     </span>
    </p>

    <p class='ocr_par' dir='ltr' id='par_1_6' title="bbox 236 2878 1281 3545">
     <span class='ocr_line' id='line_1_20' title="bbox 293 2878 1281 2980; baseline -0.005 -26"><span class='ocrx_word' id='word_1_125' title='bbox 293 2879 476 2970; x_wconf 86' lang='lat' dir='ltr'><strong>Secundo,</strong></span> <span class='ocrx_word' id='word_1_126' title='bbox 494 2882 638 2979; x_wconf 86' lang='lat' dir='ltr'><strong>decepit</strong></span> <span class='ocrx_word' id='word_1_127' title='bbox 654 2883 749 2969; x_wconf 91' lang='lat' dir='ltr'><strong>illos,</strong></span> <span class='ocrx_word' id='word_1_128' title='bbox 766 2881 866 2980; x_wconf 91' lang='lat' dir='ltr'><strong>quod</strong></span> <span class='ocrx_word' id='word_1_129' title='bbox 887 2881 1120 2956; x_wconf 86' lang='lat' dir='ltr'><strong>crediderint</strong></span> <span class='ocrx_word' id='word_1_130' title='bbox 1137 2878 1281 2956; x_wconf 83' lang='lat' dir='ltr'><strong>eunden</strong></span> 
     </span>
     <span class='ocr_line' id='line_1_21' title="bbox 241 2994 1041 3092; baseline 0.001 -25"><span class='ocrx_word' id='word_1_131' title='bbox 241 3017 321 3068; x_wconf 88' lang='lat' dir='ltr'><strong>esse</strong></span> <span class='ocrx_word' id='word_1_132' title='bbox 348 3018 438 3084; x_wconf 91' lang='lat' dir='ltr'><strong>rem,</strong></span> <span class='ocrx_word' id='word_1_133' title='bbox 460 2994 703 3092; x_wconf 87' lang='lat' dir='ltr'><strong>multiplicare</strong></span> <span class='ocrx_word' id='word_1_134' title='bbox 726 3008 850 3092; x_wconf 88' lang='lat' dir='ltr'><strong>partes</strong></span> <span class='ocrx_word' id='word_1_135' title='bbox 875 2995 974 3068; x_wconf 90' lang='lat' dir='ltr'><strong>inter</strong></span> <span class='ocrx_word' id='word_1_136' title='bbox 999 3019 1041 3068; x_wconf 85' lang='lat' dir='ltr'><strong>se</strong></span> 
     </span>
     <span class='ocr_line' id='line_1_22' title="bbox 242 3106 1280 3182; baseline 0 -2"><span class='ocrx_word' id='word_1_137' title='bbox 242 3121 280 3180; x_wconf 90' lang='lat' dir='ltr'><strong>et</strong></span> <span class='ocrx_word' id='word_1_138' title='bbox 314 3107 449 3182; x_wconf 90' lang='lat' dir='ltr'><strong>ducere</strong></span> <span class='ocrx_word' id='word_1_139' title='bbox 483 3131 598 3180; x_wconf 89' lang='lat' dir='ltr'><strong>unum</strong></span> <span class='ocrx_word' id='word_1_140' title='bbox 640 3106 737 3180; x_wconf 89' lang='lat' dir='ltr'><strong>latus</strong></span> <span class='ocrx_word' id='word_1_141' title='bbox 777 3108 816 3181; x_wconf 91' lang='lat' dir='ltr'><strong>in</strong></span> <span class='ocrx_word' id='word_1_142' title='bbox 854 3107 1036 3181; x_wconf 88' lang='lat' dir='ltr'><strong>alterum:</strong></span> <span class='ocrx_word' id='word_1_143' title='bbox 1107 3152 1116 3169; x_wconf 92' lang='lat'><strong>·</strong></span> <span class='ocrx_word' id='word_1_144' title='bbox 1195 3149 1204 3165; x_wconf 88' lang='lat'><strong>·</strong></span> <span class='ocrx_word' id='word_1_145' title='bbox 1272 3143 1280 3160; x_wconf 91' lang='lat'><strong>·</strong></span> 
     </span>
     <span class='ocr_line' id='line_1_23' title="bbox 236 3219 1280 3328; baseline -0.001 -33"><span class='ocrx_word' id='word_1_146' title='bbox 236 3224 345 3317; x_wconf 80' lang='lat' dir='ltr'><strong>juxta</strong></span> <span class='ocrx_word' id='word_1_147' title='bbox 367 3222 489 3296; x_wconf 92' lang='lat' dir='ltr'><strong>ideam</strong></span> <span class='ocrx_word' id='word_1_148' title='bbox 514 3219 685 3318; x_wconf 87' lang='lat' dir='ltr'><strong>quadrati</strong></span> <span class='ocrx_word' id='word_1_149' title='bbox 706 3220 920 3318; x_wconf 89' lang='lat' dir='ltr'><strong>geometrici</strong></span> <span class='ocrx_word' id='word_1_150' title='bbox 937 3220 1037 3310; x_wconf 83' lang='lat' dir='ltr'><strong>talis,</strong></span> <span class='ocrx_word' id='word_1_151' title='bbox 1272 3311 1280 3328; x_wconf 34' lang='grc' dir='ltr'>ι</span> 
     </span>
     <span class='ocr_line' id='line_1_24' title="bbox 240 3317 1203 3432; baseline 0.001 -24"><span class='ocrx_word' id='word_1_152' title='bbox 240 3335 304 3408; x_wconf 90' lang='lat' dir='ltr'><strong>ubi</strong></span> <span class='ocrx_word' id='word_1_153' title='bbox 320 3334 393 3408; x_wconf 88' lang='lat' dir='ltr'><strong>tria</strong></span> <span class='ocrx_word' id='word_1_154' title='bbox 409 3335 524 3408; x_wconf 89' lang='lat' dir='ltr'><strong>latera</strong></span> <span class='ocrx_word' id='word_1_155' title='bbox 537 3333 781 3431; x_wconf 87' lang='lat' dir='ltr'><strong>multiplicata</strong></span> <span class='ocrx_word' id='word_1_156' title='bbox 797 3360 863 3432; x_wconf 91' lang='lat' dir='ltr'><strong>per</strong></span> <span class='ocrx_word' id='word_1_157' title='bbox 878 3344 900 3408; x_wconf 83' lang='lat'><strong>3</strong></span> <span class='ocrx_word' id='word_1_158' title='bbox 913 3358 1040 3431; x_wconf 85' lang='lat' dir='ltr'><strong>aequu·</strong></span> <span class='ocrx_word' id='word_1_159' title='bbox 1106 3318 1115 3334; x_wconf 61' lang='lat'><em>⁶</em></span> <span class='ocrx_word' id='word_1_160' title='bbox 1194 3317 1203 3333; x_wconf 54' lang='lat'><strong>¹</strong></span> 
     </span>
     <span class='ocr_line' id='line_1_25' title="bbox 238 3448 1281 3545; baseline 0 -24"><span class='ocrx_word' id='word_1_161' title='bbox 238 3449 289 3521; x_wconf 88' lang='lat' dir='ltr'><strong>lia</strong></span> <span class='ocrx_word' id='word_1_162' title='bbox 306 3473 384 3522; x_wconf 87' lang='lat' dir='ltr'><strong>esse</strong></span> <span class='ocrx_word' id='word_1_163' title='bbox 401 3448 530 3523; x_wconf 89' lang='lat' dir='ltr'><strong>volunt</strong></span> <span class='ocrx_word' id='word_1_164' title='bbox 547 3449 616 3545; x_wconf 87' lang='lat' dir='ltr'><strong>ipsi</strong></span> <span class='ocrx_word' id='word_1_165' title='bbox 633 3448 823 3544; x_wconf 84' lang='lat' dir='ltr'><strong>quadrato.</strong></span> <span class='ocrx_word' id='word_1_166' title='bbox 1106 3493 1115 3510; x_wconf 92' lang='lat'><strong>·</strong></span> <span class='ocrx_word' id='word_1_167' title='bbox 1195 3491 1204 3507; x_wconf 92' lang='lat'><strong>·</strong></span> <span class='ocrx_word' id='word_1_168' title='bbox 1274 3486 1281 3503; x_wconf 94' lang='lat'>·</span> 
     </span>
    </p>

    <p class='ocr_par' dir='ltr' id='par_1_7' title="bbox 239 3561 1287 4566">
     <span class='ocr_line' id='line_1_26' title="bbox 290 3561 1041 3659; baseline 0.003 -26"><span class='ocrx_word' id='word_1_169' title='bbox 290 3561 428 3651; x_wconf 88' lang='lat' dir='ltr'><strong>Tertio,</strong></span> <span class='ocrx_word' id='word_1_170' title='bbox 452 3562 599 3659; x_wconf 87' lang='lat' dir='ltr'><strong>decepit</strong></span> <span class='ocrx_word' id='word_1_171' title='bbox 625 3562 708 3635; x_wconf 88' lang='lat' dir='ltr'><strong>illos</strong></span> <span class='ocrx_word' id='word_1_172' title='bbox 737 3561 941 3635; x_wconf 79' lang='lat' dir='ltr'><strong>authoritas</strong></span> <span class='ocrx_word' id='word_1_173' title='bbox 967 3561 1041 3635; x_wconf 82' lang='lat' dir='ltr'><strong>Ar-</strong></span> 
     </span>
     <span class='ocr_line' id='line_1_27' title="bbox 241 3673 1273 3859; baseline 0.002 -113"><span class='ocrx_word' id='word_1_174' title='bbox 241 3673 430 3763; x_wconf 65' lang='lat' dir='ltr'><strong>chimedis</strong></span> <span class='ocrx_word' id='word_1_175' title='bbox 456 3676 577 3772; x_wconf 87' lang='lat' dir='ltr'><strong>(cujus</strong></span> <span class='ocrx_word' id='word_1_176' title='bbox 600 3674 759 3749; x_wconf 88' lang='lat' dir='ltr'><strong>hominis</strong></span> <span class='ocrx_word' id='word_1_177' title='bbox 785 3685 937 3772; x_wconf 88' lang='lat' dir='ltr'><strong>propter</strong></span> <span class='ocrx_word' id='word_1_178' title='bbox 958 3687 1039 3748; x_wconf 90' lang='lat' dir='ltr'><strong>stu·</strong></span> <span class='ocrx_word' id='word_1_179' title='bbox 1098 3677 1273 3859; x_wconf 55' lang='lat' dir='ltr'><strong>Na</strong></span> 
     </span>
     <span class='ocr_line' id='line_1_28' title="bbox 239 3785 1039 3886; baseline 0.005 -28"><span class='ocrx_word' id='word_1_180' title='bbox 239 3785 503 3883; x_wconf 88' lang='lat' dir='ltr'><strong>pendissimum</strong></span> <span class='ocrx_word' id='word_1_181' title='bbox 521 3789 711 3886; x_wconf 83' lang='lat' dir='ltr'><strong>ingenium</strong></span> <span class='ocrx_word' id='word_1_182' title='bbox 723 3789 949 3862; x_wconf 86' lang='lat' dir='ltr'><strong>mentionem</strong></span> <span class='ocrx_word' id='word_1_183' title='bbox 965 3787 1039 3862; x_wconf 90' lang='lat' dir='ltr'><strong>hoc</strong></span> 
     </span>
     <span class='ocr_line' id='line_1_29' title="bbox 240 3861 1274 4046; baseline 0.004 -74"><span class='ocrx_word' id='word_1_184' title='bbox 240 3900 324 3973; x_wconf 90' lang='lat' dir='ltr'><strong>loco</strong></span> <span class='ocrx_word' id='word_1_185' title='bbox 344 3899 481 3973; x_wconf 86' lang='lat' dir='ltr'><strong>invitus</strong></span> <span class='ocrx_word' id='word_1_186' title='bbox 506 3900 634 3996; x_wconf 87' lang='lat' dir='ltr'><strong>facio),</strong></span> <span class='ocrx_word' id='word_1_187' title='bbox 654 3902 717 3999; x_wconf 91' lang='lat' dir='ltr'><strong>qui</strong></span> <span class='ocrx_word' id='word_1_188' title='bbox 741 3900 1038 3998; x_wconf 87' lang='lat' dir='ltr'><strong>magnitudinem</strong></span> <span class='ocrx_word' id='word_1_189' title='bbox 1101 3861 1274 4046; x_wconf 55' lang='lat' dir='ltr'><strong>AN</strong></span> 
     </span>
     <span class='ocr_line' id='line_1_30' title="bbox 241 4011 1037 4113; baseline 0.004 -26"><span class='ocrx_word' id='word_1_190' title='bbox 241 4011 549 4087; x_wconf 73' lang='lat' dir='ltr'><strong>circumferentiae</strong></span> <span class='ocrx_word' id='word_1_191' title='bbox 566 4015 694 4089; x_wconf 89' lang='lat' dir='ltr'><strong>circuli</strong></span> <span class='ocrx_word' id='word_1_192' title='bbox 717 4040 784 4113; x_wconf 93' lang='lat' dir='ltr'><strong>per</strong></span> <span class='ocrx_word' id='word_1_193' title='bbox 808 4016 916 4111; x_wconf 87' lang='lat' dir='ltr'><strong>hujus</strong></span> <span class='ocrx_word' id='word_1_194' title='bbox 933 4016 1037 4090; x_wconf 91' lang='lat' dir='ltr'><strong>modi</strong></span> 
     </span>
     <span class='ocr_line' id='line_1_31' title="bbox 240 4125 1285 4225; baseline 0.011 -26"><span class='ocrx_word' id='word_1_195' title='bbox 240 4125 584 4223; x_wconf 85' lang='lat' dir='ltr'><strong>multiplicationem</strong></span> <span class='ocrx_word' id='word_1_196' title='bbox 598 4127 852 4202; x_wconf 88' lang='lat' dir='ltr'><strong>demonstrare</strong></span> <span class='ocrx_word' id='word_1_197' title='bbox 863 4141 1020 4203; x_wconf 87' lang='lat' dir='ltr'><strong>conatus</strong></span> <span class='ocrx_word' id='word_1_198' title='bbox 1034 4142 1104 4206; x_wconf 88' lang='lat' dir='ltr'><strong>est.</strong></span> <span class='ocrx_word' id='word_1_199' title='bbox 1136 4135 1285 4225; x_wconf 89' lang='lat' dir='ltr'><strong>Deinde,</strong></span> 
     </span>
     <span class='ocr_line' id='line_1_32' title="bbox 241 4240 1287 4338; baseline 0.011 -25"><span class='ocrx_word' id='word_1_200' title='bbox 241 4240 376 4313; x_wconf 84' lang='lat' dir='ltr'><strong>saeculo</strong></span> <span class='ocrx_word' id='word_1_201' title='bbox 399 4240 566 4337; x_wconf 84' lang='lat' dir='ltr'><strong>proxime</strong></span> <span class='ocrx_word' id='word_1_202' title='bbox 592 4244 792 4338; x_wconf 84' lang='lat' dir='ltr'><strong>superiore,</strong></span> <span class='ocrx_word' id='word_1_203' title='bbox 810 4241 850 4314; x_wconf 88' lang='lat' dir='ltr'><strong>in</strong></span> <span class='ocrx_word' id='word_1_204' title='bbox 872 4240 1016 4316; x_wconf 82' lang='lat' dir='ltr'><strong>calculo</strong></span> <span class='ocrx_word' id='word_1_205' title='bbox 1035 4244 1287 4323; x_wconf 61' lang='lat' dir='ltr'><strong>submerum</strong></span> 
     </span>
     <span class='ocr_line' id='line_1_33' title="bbox 241 4352 1286 4460; baseline 0.011 -33"><span class='ocrx_word' id='word_1_206' title='bbox 241 4353 369 4427; x_wconf 89' lang='lat' dir='ltr'><strong>eadem</strong></span> <span class='ocrx_word' id='word_1_207' title='bbox 387 4353 561 4427; x_wconf 88' lang='lat' dir='ltr'><strong>methodo</strong></span> <span class='ocrx_word' id='word_1_208' title='bbox 580 4378 666 4428; x_wconf 88' lang='lat' dir='ltr'><strong>usus</strong></span> <span class='ocrx_word' id='word_1_209' title='bbox 684 4367 741 4428; x_wconf 90' lang='lat' dir='ltr'><strong>est</strong></span> <span class='ocrx_word' id='word_1_210' title='bbox 759 4352 988 4452; x_wconf 87' lang='lat' dir='ltr'><strong>Copernicus</strong></span> <span class='ocrx_word' id='word_1_211' title='bbox 1007 4370 1047 4431; x_wconf 86' lang='lat' dir='ltr'><strong>et</strong></span> <span class='ocrx_word' id='word_1_212' title='bbox 1066 4360 1286 4460; x_wconf 85' lang='lat' dir='ltr'><strong>Regiomon·</strong></span> 
     </span>
     <span class='ocr_line' id='line_1_34' title="bbox 241 4467 1286 4566; baseline 0.013 -28"><span class='ocrx_word' id='word_1_213' title='bbox 241 4479 350 4539; x_wconf 89' lang='lat' dir='ltr'><strong>tanus</strong></span> <span class='ocrx_word' id='word_1_214' title='bbox 363 4469 401 4541; x_wconf 90' lang='lat' dir='ltr'><strong>in</strong></span> <span class='ocrx_word' id='word_1_215' title='bbox 415 4467 585 4542; x_wconf 87' lang='lat' dir='ltr'><strong>doctrina</strong></span> <span class='ocrx_word' id='word_1_216' title='bbox 598 4469 879 4566; x_wconf 88' lang='lat' dir='ltr'><strong>triangulorum,</strong></span> <span class='ocrx_word' id='word_1_217' title='bbox 888 4480 927 4541; x_wconf 86' lang='lat' dir='ltr'><strong>et</strong></span> <span class='ocrx_word' id='word_1_218' title='bbox 940 4483 1135 4566; x_wconf 90' lang='lat' dir='ltr'><strong>postremo</strong></span> <span class='ocrx_word' id='word_1_219' title='bbox 1147 4476 1286 4552; x_wconf 67' lang='lat' dir='ltr'><strong>cluvius</strong></span> 
     </span>
    </p>
   </div>
   <div class='ocr_carea' id='block_1_4' title="bbox 240 4579 1286 4770">
    <p class='ocr_par' dir='ltr' id='par_1_8' title="bbox 240 4579 1286 4770">
     <span class='ocr_line' id='line_1_35' title="bbox 241 4579 1286 4685; baseline 0.017 -35"><span class='ocrx_word' id='word_1_220' title='bbox 241 4579 280 4650; x_wconf 91' lang='lat' dir='ltr'><strong>in</strong></span> <span class='ocrx_word' id='word_1_221' title='bbox 310 4580 445 4656; x_wconf 84' lang='lat' dir='ltr'><strong>tabulis</strong></span> <span class='ocrx_word' id='word_1_222' title='bbox 475 4581 678 4658; x_wconf 89' lang='lat' dir='ltr'><strong>condendis</strong></span> <span class='ocrx_word' id='word_1_223' title='bbox 708 4584 866 4674; x_wconf 88' lang='lat' dir='ltr'><strong>sinuum,</strong></span> <span class='ocrx_word' id='word_1_224' title='bbox 893 4588 1150 4685; x_wconf 80' lang='lat' dir='ltr'><strong>tangentium,</strong></span> <span class='ocrx_word' id='word_1_225' title='bbox 1173 4604 1211 4669; x_wconf 87' lang='lat' dir='ltr'><strong>at</strong></span> <span class='ocrx_word' id='word_1_226' title='bbox 1235 4615 1286 4667; x_wconf 86' lang='lat' dir='ltr'><strong>se·</strong></span> 
     </span>
     <span class='ocr_line' id='line_1_36' title="bbox 240 4690 417 4770; baseline 0.028 -5"><span class='ocrx_word' id='word_1_227' title='bbox 240 4690 417 4770; x_wconf 87' lang='lat' dir='ltr'><strong>cantium.</strong></span> 
     </span>
    </p>
   </div>
   <div class='ocr_carea' id='block_1_5' title="bbox 0 0 1322 5092">
    <p class='ocr_par' dir='ltr' id='par_1_9' title="bbox 0 0 1322 5092">
     <span class='ocr_line' id='line_1_37' title="bbox 0 0 1322 5092; baseline 0 0"><span class='ocrx_word' id='word_1_228' title='bbox 0 0 1322 5092; x_wconf 95' lang='lat' dir='ltr'><strong> </strong></span> 
     </span>
    </p>
   </div>
  </div>
 </body>
</html>
