<?xml version="1.0" encoding="UTF-8"?>
<!DOCTYPE html PUBLIC "-//W3C//DTD XHTML 1.0 Transitional//EN"
    "http://www.w3.org/TR/xhtml1/DTD/xhtml1-transitional.dtd">
<html xmlns="http://www.w3.org/1999/xhtml" xml:lang="en" lang="en">
 <head>
  <title>
</title>
<meta http-equiv="Content-Type" content="text/html;charset=utf-8" />
  <meta name='ocr-system' content='tesseract 3.04.00' />
  <meta name='ocr-capabilities' content='ocr_page ocr_carea ocr_par ocr_line ocrx_word'/>
</head>
<body>
  <div class='ocr_page' id='page_1' title='image "./thomhobbesmalme03hobbgoog_0354.png"; bbox 0 0 2618 5092; ppageno 0'>
   <div class='ocr_carea' id='block_1_1' title="bbox 342 647 1110 713">
    <p class='ocr_par' dir='ltr' id='par_1_1' title="bbox 342 647 1110 713">
     <span class='ocr_line' id='line_1_1' title="bbox 342 647 1110 713; baseline 0.001 -3"><span class='ocrx_word' id='word_1_1' title='bbox 342 655 623 712; x_wconf 71' lang='lat' dir='ltr'>Pnonnnns‘rs</span> <span class='ocrx_word' id='word_1_2' title='bbox 642 658 837 713; x_wconf 67' lang='lat' dir='ltr'>rurales.</span> <span class='ocrx_word' id='word_1_3' title='bbox 1039 647 1110 712; x_wconf 88' lang='grc'>339</span> 
     </span>
    </p>
   </div>
   <div class='ocr_carea' id='block_1_2' title="bbox 58 821 1296 1368">
    <p class='ocr_par' dir='ltr' id='par_1_2' title="bbox 58 821 1296 1368">
     <span class='ocr_line' id='line_1_2' title="bbox 59 821 1279 921; baseline 0.003 -25"><span class='ocrx_word' id='word_1_4' title='bbox 59 835 125 896; x_wconf 88' lang='lat' dir='ltr'>tna</span> <span class='ocrx_word' id='word_1_5' title='bbox 148 821 199 896; x_wconf 92' lang='lat' dir='ltr'>de</span> <span class='ocrx_word' id='word_1_6' title='bbox 226 834 335 896; x_wconf 91' lang='lat' dir='ltr'>motu</span> <span class='ocrx_word' id='word_1_7' title='bbox 359 822 423 897; x_wconf 89' lang='lat' dir='ltr'>illo</span> <span class='ocrx_word' id='word_1_8' title='bbox 446 823 701 920; x_wconf 83' lang='lat' dir='ltr'><strong>reciprocante</strong></span> <span class='ocrx_word' id='word_1_9' title='bbox 724 825 885 921; x_wconf 87' lang='lat' dir='ltr'>partium</span> <span class='ocrx_word' id='word_1_10' title='bbox 912 826 1111 899; x_wconf 88' lang='lat' dir='ltr'>minutissi·</span> <span class='ocrx_word' id='word_1_11' title='bbox 1167 851 1234 892; x_wconf 71' lang='lat' dir='ltr'>car.</span> <span class='ocrx_word' id='word_1_12' title='bbox 1251 855 1279 893; x_wconf 85' lang='lat' dir='ltr'>v.</span> 
     </span>
     <span class='ocr_line' id='line_1_3' title="bbox 60 921 1296 1032; baseline 0.003 -24"><span class='ocrx_word' id='word_1_13' title='bbox 60 958 205 1009; x_wconf 84' lang='lat' dir='ltr'>marum</span> <span class='ocrx_word' id='word_1_14' title='bbox 222 935 264 1008; x_wconf 89' lang='lat' dir='ltr'>in</span> <span class='ocrx_word' id='word_1_15' title='bbox 282 935 396 1026; x_wconf 89' lang='lat' dir='ltr'>duris,</span> <span class='ocrx_word' id='word_1_16' title='bbox 413 937 522 1032; x_wconf 90' lang='lat' dir='ltr'>plane</span> <span class='ocrx_word' id='word_1_17' title='bbox 541 936 686 1011; x_wconf 87' lang='lat' dir='ltr'>videtur</span> <span class='ocrx_word' id='word_1_18' title='bbox 701 938 792 1011; x_wconf 93' lang='lat' dir='ltr'>mihi</span> <span class='ocrx_word' id='word_1_19' title='bbox 811 938 1075 1013; x_wconf 86' lang='lat' dir='ltr'>demonstrata.</span> <span class='ocrx_word' id='word_1_20' title='bbox 1153 921 1296 1022; x_wconf 50' lang='lat' dir='ltr'><strong>W</strong></span> 
     </span>
     <span class='ocr_line' id='line_1_4' title="bbox 107 1043 1275 1150; baseline 0.002 -28"><span class='ocrx_word' id='word_1_21' title='bbox 107 1049 179 1122; x_wconf 83' lang='lat' dir='ltr'>Est</span> <span class='ocrx_word' id='word_1_22' title='bbox 196 1049 293 1124; x_wconf 87' lang='lat' dir='ltr'>etin</span> <span class='ocrx_word' id='word_1_23' title='bbox 310 1050 469 1146; x_wconf 78' lang='lat' dir='ltr'><strong>speculis</strong></span> <span class='ocrx_word' id='word_1_24' title='bbox 486 1051 613 1126; x_wconf 89' lang='lat' dir='ltr'>vitreis</span> <span class='ocrx_word' id='word_1_25' title='bbox 642 1052 759 1149; x_wconf 91' lang='lat' dir='ltr'>(qnod</span> <span class='ocrx_word' id='word_1_26' title='bbox 784 1053 919 1150; x_wconf 85' lang='lat' dir='ltr'>saepius</span> <span class='ocrx_word' id='word_1_27' title='bbox 945 1051 1111 1126; x_wconf 89' lang='lat' dir='ltr'>animad-</span> <span class='ocrx_word' id='word_1_28' title='bbox 1175 1043 1275 1092; x_wconf 47' lang='grc' dir='ltr'>ΝΟΜ·</span> 
     </span>
     <span class='ocr_line' id='line_1_5' title="bbox 58 1163 1110 1263; baseline 0.003 -28"><span class='ocrx_word' id='word_1_29' title='bbox 58 1163 171 1256; x_wconf 77' lang='lat' dir='ltr'>certi)</span> <span class='ocrx_word' id='word_1_30' title='bbox 198 1186 245 1236; x_wconf 87' lang='lat' dir='ltr'>ex</span> <span class='ocrx_word' id='word_1_31' title='bbox 276 1186 349 1259; x_wconf 88' lang='lat' dir='ltr'>quo</span> <span class='ocrx_word' id='word_1_32' title='bbox 380 1164 585 1261; x_wconf 87' lang='lat' dir='ltr'>suppositio</span> <span class='ocrx_word' id='word_1_33' title='bbox 611 1166 741 1240; x_wconf 88' lang='lat' dir='ltr'>eadem</span> <span class='ocrx_word' id='word_1_34' title='bbox 766 1190 843 1241; x_wconf 92' lang='lat' dir='ltr'>non</span> <span class='ocrx_word' id='word_1_35' title='bbox 864 1190 995 1263; x_wconf 89' lang='lat' dir='ltr'>parum</span> <span class='ocrx_word' id='word_1_36' title='bbox 1023 1191 1110 1241; x_wconf 90' lang='lat' dir='ltr'>con-</span> 
     </span>
     <span class='ocr_line' id='line_1_6' title="bbox 58 1276 1110 1368; baseline 0.007 -20"><span class='ocrx_word' id='word_1_37' title='bbox 58 1276 253 1349; x_wconf 83' lang='lat' dir='ltr'>firmatur:</span> <span class='ocrx_word' id='word_1_38' title='bbox 280 1276 466 1368; x_wconf 89' lang='lat' dir='ltr'>nimirum,</span> <span class='ocrx_word' id='word_1_39' title='bbox 492 1279 611 1353; x_wconf 89' lang='lat' dir='ltr'>inesse</span> <span class='ocrx_word' id='word_1_40' title='bbox 637 1281 676 1353; x_wconf 93' lang='lat' dir='ltr'>in</span> <span class='ocrx_word' id='word_1_41' title='bbox 706 1281 804 1356; x_wconf 89' lang='lat' dir='ltr'>vitro</span> <span class='ocrx_word' id='word_1_42' title='bbox 834 1292 977 1357; x_wconf 90' lang='lat' dir='ltr'>motum</span> <span class='ocrx_word' id='word_1_43' title='bbox 1006 1281 1110 1356; x_wconf 88' lang='lat' dir='ltr'>illum</span> 
     </span>
    </p>
   </div>
   <div class='ocr_carea' id='block_1_3' title="bbox 58 1390 912 1490">
    <p class='ocr_par' dir='ltr' id='par_1_3' title="bbox 58 1390 912 1490">
     <span class='ocr_line' id='line_1_7' title="bbox 58 1390 912 1490; baseline 0.008 -27"><span class='ocrx_word' id='word_1_44' title='bbox 58 1413 169 1488; x_wconf 85' lang='lat' dir='ltr'>quem</span> <span class='ocrx_word' id='word_1_45' title='bbox 188 1390 282 1465; x_wconf 90' lang='lat' dir='ltr'>dicis</span> <span class='ocrx_word' id='word_1_46' title='bbox 299 1404 474 1467; x_wconf 88' lang='lat' dir='ltr'>conatum</span> <span class='ocrx_word' id='word_1_47' title='bbox 490 1393 652 1490; x_wconf 86' lang='lat' dir='ltr'>partium</span> <span class='ocrx_word' id='word_1_48' title='bbox 669 1394 912 1471; x_wconf 88' lang='lat' dir='ltr'>internarum.</span> 
     </span>
    </p>
   </div>
   <div class='ocr_carea' id='block_1_4' title="bbox 55 2529 1109 4442">
    <p class='ocr_par' dir='ltr' id='par_1_4' title="bbox 55 2529 1109 4195">
     <span class='ocr_line' id='line_1_8' title="bbox 106 2529 1107 2626; baseline -0.003 -20"><span class='ocrx_word' id='word_1_49' title='bbox 106 2531 198 2606; x_wconf 83' lang='lat' dir='ltr'>Esto</span> <span class='ocrx_word' id='word_1_50' title='bbox 226 2530 327 2605; x_wconf 88' lang='lat' dir='ltr'>enim</span> <span class='ocrx_word' id='word_1_51' title='bbox 354 2530 542 2626; x_wconf 87' lang='lat' dir='ltr'>speculum</span> <span class='ocrx_word' id='word_1_52' title='bbox 568 2531 728 2604; x_wconf 88' lang='lat' dir='ltr'>vitreum</span> <span class='ocrx_word' id='word_1_53' title='bbox 757 2529 854 2605; x_wconf 89' lang='lat' dir='ltr'>AB:</span> <span class='ocrx_word' id='word_1_54' title='bbox 891 2531 1011 2626; x_wconf 91' lang='lat' dir='ltr'>sitque</span> <span class='ocrx_word' id='word_1_55' title='bbox 1042 2531 1107 2603; x_wconf 93' lang='lat' dir='ltr'>ob-</span> 
     </span>
     <span class='ocr_line' id='line_1_9' title="bbox 55 2642 1109 2743; baseline -0.005 -23"><span class='ocrx_word' id='word_1_56' title='bbox 55 2647 198 2743; x_wconf 84' lang='lat' dir='ltr'>jectum</span> <span class='ocrx_word' id='word_1_57' title='bbox 215 2644 255 2718; x_wconf 93' lang='lat' dir='ltr'>in</span> <span class='ocrx_word' id='word_1_58' title='bbox 269 2642 312 2736; x_wconf 85' lang='lat' dir='ltr'>C,</span> <span class='ocrx_word' id='word_1_59' title='bbox 326 2644 503 2719; x_wconf 89' lang='lat' dir='ltr'>candela:</span> <span class='ocrx_word' id='word_1_60' title='bbox 531 2645 657 2718; x_wconf 89' lang='lat' dir='ltr'>oculus</span> <span class='ocrx_word' id='word_1_61' title='bbox 676 2644 723 2718; x_wconf 93' lang='lat' dir='ltr'>ad</span> <span class='ocrx_word' id='word_1_62' title='bbox 734 2644 780 2718; x_wconf 91' lang='lat' dir='ltr'>D.</span> <span class='ocrx_word' id='word_1_63' title='bbox 832 2645 918 2718; x_wconf 90' lang='lat' dir='ltr'>Jam</span> <span class='ocrx_word' id='word_1_64' title='bbox 935 2668 958 2717; x_wconf 95' lang='lat' dir='ltr'>a</span> <span class='ocrx_word' id='word_1_65' title='bbox 974 2642 1109 2716; x_wconf 86' lang='lat' dir='ltr'>refrac-</span> 
     </span>
     <span class='ocr_line' id='line_1_10' title="bbox 58 2756 1107 2855; baseline -0.006 -21"><span class='ocrx_word' id='word_1_66' title='bbox 58 2758 221 2835; x_wconf 83' lang='lat' dir='ltr'>tionibus</span> <span class='ocrx_word' id='word_1_67' title='bbox 254 2769 294 2832; x_wconf 91' lang='lat' dir='ltr'>et</span> <span class='ocrx_word' id='word_1_68' title='bbox 326 2757 600 2832; x_wconf 87' lang='lat' dir='ltr'>reflectionibus</span> <span class='ocrx_word' id='word_1_69' title='bbox 633 2757 800 2855; x_wconf 89' lang='lat' dir='ltr'>pluribus</span> <span class='ocrx_word' id='word_1_70' title='bbox 835 2756 883 2830; x_wconf 89' lang='lat' dir='ltr'>ad</span> <span class='ocrx_word' id='word_1_71' title='bbox 911 2769 1107 2852; x_wconf 85' lang='lat' dir='ltr'>utramque</span> 
     </span>
     <span class='ocr_line' id='line_1_11' title="bbox 57 2869 1104 2971; baseline -0.004 -25"><span class='ocrx_word' id='word_1_72' title='bbox 57 2871 302 2971; x_wconf 87' lang='lat' dir='ltr'>superficiem,</span> <span class='ocrx_word' id='word_1_73' title='bbox 323 2871 371 2961; x_wconf 89' lang='lat' dir='ltr'>(si</span> <span class='ocrx_word' id='word_1_74' title='bbox 388 2871 508 2969; x_wconf 89' lang='lat' dir='ltr'>prima</span> <span class='ocrx_word' id='word_1_75' title='bbox 524 2869 729 2944; x_wconf 84' lang='lat' dir='ltr'>incidentia</span> <span class='ocrx_word' id='word_1_76' title='bbox 750 2870 840 2944; x_wconf 90' lang='lat' dir='ltr'>satis</span> <span class='ocrx_word' id='word_1_77' title='bbox 858 2871 908 2943; x_wconf 92' lang='lat' dir='ltr'>sit</span> <span class='ocrx_word' id='word_1_78' title='bbox 925 2870 1104 2965; x_wconf 89' lang='lat' dir='ltr'>obliqua),</span> 
     </span>
     <span class='ocr_line' id='line_1_12' title="bbox 57 2983 1105 3080; baseline -0.005 -20"><span class='ocrx_word' id='word_1_79' title='bbox 57 2986 192 3061; x_wconf 85' lang='lat' dir='ltr'>multas</span> <span class='ocrx_word' id='word_1_80' title='bbox 208 2985 319 3060; x_wconf 86' lang='lat' dir='ltr'>simul</span> <span class='ocrx_word' id='word_1_81' title='bbox 333 2984 476 3059; x_wconf 84' lang='lat' dir='ltr'>videbis</span> <span class='ocrx_word' id='word_1_82' title='bbox 494 2983 658 3059; x_wconf 86' lang='lat' dir='ltr'>candelae</span> <span class='ocrx_word' id='word_1_83' title='bbox 675 2983 866 3080; x_wconf 78' lang='lat' dir='ltr'>imagines,</span> <span class='ocrx_word' id='word_1_84' title='bbox 883 2994 928 3056; x_wconf 91' lang='lat' dir='ltr'>nt</span> <span class='ocrx_word' id='word_1_85' title='bbox 944 2983 987 3072; x_wconf 90' lang='lat' dir='ltr'>E,</span> <span class='ocrx_word' id='word_1_86' title='bbox 1006 2984 1046 3072; x_wconf 86' lang='lat' dir='ltr'>F,</span> <span class='ocrx_word' id='word_1_87' title='bbox 1062 2983 1105 3070; x_wconf 92' lang='lat' dir='ltr'>G,</span> 
     </span>
     <span class='ocr_line' id='line_1_13' title="bbox 57 3095 1106 3175; baseline -0.005 -1"><span class='ocrx_word' id='word_1_88' title='bbox 57 3100 187 3175; x_wconf 84' lang='lat' dir='ltr'>ordine</span> <span class='ocrx_word' id='word_1_89' title='bbox 203 3108 248 3173; x_wconf 86' lang='lat' dir='ltr'>ut</span> <span class='ocrx_word' id='word_1_90' title='bbox 259 3098 321 3171; x_wconf 91' lang='lat' dir='ltr'>hic</span> <span class='ocrx_word' id='word_1_91' title='bbox 336 3096 607 3172; x_wconf 89' lang='lat' dir='ltr'>describuntur.</span> <span class='ocrx_word' id='word_1_92' title='bbox 644 3097 829 3171; x_wconf 84' lang='lat' dir='ltr'>Oaeterum</span> <span class='ocrx_word' id='word_1_93' title='bbox 847 3095 879 3169; x_wconf 94' lang='lat' dir='ltr'>si</span> <span class='ocrx_word' id='word_1_94' title='bbox 891 3096 1040 3169; x_wconf 89' lang='lat' dir='ltr'>oculum</span> <span class='ocrx_word' id='word_1_95' title='bbox 1057 3095 1106 3169; x_wconf 84' lang='lat' dir='ltr'>ad</span> 
     </span>
     <span class='ocr_line' id='line_1_14' title="bbox 58 3209 1105 3307; baseline -0.007 -20"><span class='ocrx_word' id='word_1_96' title='bbox 58 3212 98 3304; x_wconf 80' lang='lat' dir='ltr'>O,</span> <span class='ocrx_word' id='word_1_97' title='bbox 116 3211 311 3289; x_wconf 88' lang='lat' dir='ltr'>candelam</span> <span class='ocrx_word' id='word_1_98' title='bbox 329 3211 378 3285; x_wconf 91' lang='lat' dir='ltr'>ad</span> <span class='ocrx_word' id='word_1_99' title='bbox 394 3212 429 3285; x_wconf 94' lang='lat' dir='ltr'><strong>D</strong></span> <span class='ocrx_word' id='word_1_100' title='bbox 447 3210 659 3301; x_wconf 82' lang='lat' dir='ltr'>transferas,</span> <span class='ocrx_word' id='word_1_101' title='bbox 678 3210 909 3307; x_wconf 87' lang='lat' dir='ltr'>apparebunt</span> <span class='ocrx_word' id='word_1_102' title='bbox 926 3209 1105 3304; x_wconf 83' lang='lat' dir='ltr'>imagines</span> 
     </span>
     <span class='ocr_line' id='line_1_15' title="bbox 56 3323 1106 3422; baseline -0.006 -20"><span class='ocrx_word' id='word_1_103' title='bbox 56 3326 127 3402; x_wconf 81' lang='lat' dir='ltr'>illae</span> <span class='ocrx_word' id='word_1_104' title='bbox 161 3325 293 3402; x_wconf 90' lang='lat' dir='ltr'>ordine</span> <span class='ocrx_word' id='word_1_105' title='bbox 326 3348 402 3399; x_wconf 94' lang='lat' dir='ltr'>non</span> <span class='ocrx_word' id='word_1_106' title='bbox 436 3325 568 3399; x_wconf 92' lang='lat' dir='ltr'>eodem</span> <span class='ocrx_word' id='word_1_107' title='bbox 600 3349 674 3422; x_wconf 90' lang='lat' dir='ltr'>quo</span> <span class='ocrx_word' id='word_1_108' title='bbox 704 3338 791 3398; x_wconf 85' lang='lat' dir='ltr'>ante</span> <span class='ocrx_word' id='word_1_109' title='bbox 809 3335 927 3397; x_wconf 87' lang='lat' dir='ltr'>erant.</span> <span class='ocrx_word' id='word_1_110' title='bbox 993 3323 1106 3397; x_wconf 77' lang='lat' dir='ltr'>Quod</span> 
     </span>
     <span class='ocr_line' id='line_1_16' title="bbox 56 3436 1105 3536; baseline -0.005 -21"><span class='ocrx_word' id='word_1_111' title='bbox 56 3451 181 3514; x_wconf 86' lang='lat' dir='ltr'>tamen</span> <span class='ocrx_word' id='word_1_112' title='bbox 215 3438 445 3512; x_wconf 85' lang='lat' dir='ltr'>manifestius</span> <span class='ocrx_word' id='word_1_113' title='bbox 479 3449 736 3536; x_wconf 83' lang='lat' dir='ltr'>cognoscetur,</span> <span class='ocrx_word' id='word_1_114' title='bbox 770 3438 802 3512; x_wconf 91' lang='lat' dir='ltr'>si</span> <span class='ocrx_word' id='word_1_115' title='bbox 836 3436 1024 3533; x_wconf 88' lang='lat' dir='ltr'>speculum</span> <span class='ocrx_word' id='word_1_116' title='bbox 1056 3438 1105 3510; x_wconf 92' lang='lat' dir='ltr'>sit</span> 
     </span>
     <span class='ocr_line' id='line_1_17' title="bbox 55 3551 1102 3642; baseline -0.005 -14"><span class='ocrx_word' id='word_1_117' title='bbox 55 3553 273 3642; x_wconf 86' lang='lat' dir='ltr'>coloratum,</span> <span class='ocrx_word' id='word_1_118' title='bbox 289 3564 335 3626; x_wconf 86' lang='lat' dir='ltr'>nt</span> <span class='ocrx_word' id='word_1_119' title='bbox 350 3553 505 3626; x_wconf 87' lang='lat' dir='ltr'>rubrum</span> <span class='ocrx_word' id='word_1_120' title='bbox 520 3553 580 3626; x_wconf 87' lang='lat' dir='ltr'>vel</span> <span class='ocrx_word' id='word_1_121' title='bbox 597 3552 807 3627; x_wconf 85' lang='lat' dir='ltr'>caemleum.</span> <span class='ocrx_word' id='word_1_122' title='bbox 861 3551 935 3624; x_wconf 88' lang='lat' dir='ltr'>Sed</span> <span class='ocrx_word' id='word_1_123' title='bbox 953 3574 1102 3624; x_wconf 88' lang='lat' dir='ltr'>causam</span> 
     </span>
     <span class='ocr_line' id='line_1_18' title="bbox 56 3663 1103 3764; baseline -0.004 -23"><span class='ocrx_word' id='word_1_124' title='bbox 56 3668 131 3764; x_wconf 83' lang='lat' dir='ltr'>ejus</span> <span class='ocrx_word' id='word_1_125' title='bbox 144 3665 286 3740; x_wconf 89' lang='lat' dir='ltr'>nnllam</span> <span class='ocrx_word' id='word_1_126' title='bbox 299 3664 494 3762; x_wconf 90' lang='lat' dir='ltr'>imaginari</span> <span class='ocrx_word' id='word_1_127' title='bbox 511 3666 615 3763; x_wconf 91' lang='lat' dir='ltr'>potui</span> <span class='ocrx_word' id='word_1_128' title='bbox 629 3675 714 3740; x_wconf 88' lang='lat' dir='ltr'>ante</span> <span class='ocrx_word' id='word_1_129' title='bbox 731 3666 832 3739; x_wconf 92' lang='lat' dir='ltr'>hunc</span> <span class='ocrx_word' id='word_1_130' title='bbox 844 3663 954 3737; x_wconf 91' lang='lat' dir='ltr'>diem.</span> <span class='ocrx_word' id='word_1_131' title='bbox 992 3665 1103 3737; x_wconf 89' lang='lat' dir='ltr'>Nunc</span> 
     </span>
     <span class='ocr_line' id='line_1_19' title="bbox 56 3775 1101 3876; baseline -0.004 -23"><span class='ocrx_word' id='word_1_132' title='bbox 56 3793 179 3855; x_wconf 86' lang='lat' dir='ltr'>autem</span> <span class='ocrx_word' id='word_1_133' title='bbox 195 3778 279 3853; x_wconf 87' lang='lat' dir='ltr'>fieri</span> <span class='ocrx_word' id='word_1_134' title='bbox 295 3802 403 3876; x_wconf 89' lang='lat' dir='ltr'>posse</span> <span class='ocrx_word' id='word_1_135' title='bbox 418 3791 512 3875; x_wconf 89' lang='lat' dir='ltr'>puto</span> <span class='ocrx_word' id='word_1_136' title='bbox 529 3804 553 3853; x_wconf 92' lang='lat' dir='ltr'>a</span> <span class='ocrx_word' id='word_1_137' title='bbox 568 3790 706 3853; x_wconf 88' lang='lat' dir='ltr'>conatu</span> <span class='ocrx_word' id='word_1_138' title='bbox 730 3779 794 3852; x_wconf 91' lang='lat' dir='ltr'>illo</span> <span class='ocrx_word' id='word_1_139' title='bbox 818 3801 885 3874; x_wconf 88' lang='lat' dir='ltr'>per</span> <span class='ocrx_word' id='word_1_140' title='bbox 909 3775 984 3867; x_wconf 87' lang='lat' dir='ltr'>fila,</span> <span class='ocrx_word' id='word_1_141' title='bbox 1003 3791 1046 3850; x_wconf 92' lang='lat' dir='ltr'>ut</span> <span class='ocrx_word' id='word_1_142' title='bbox 1064 3779 1101 3850; x_wconf 92' lang='lat' dir='ltr'>in</span> 
     </span>
     <span class='ocr_line' id='line_1_20' title="bbox 55 3889 1101 3989; baseline -0.004 -23"><span class='ocrx_word' id='word_1_143' title='bbox 55 3890 166 3989; x_wconf 86' lang='lat' dir='ltr'>ligno.</span> <span class='ocrx_word' id='word_1_144' title='bbox 221 3891 343 3966; x_wconf 79' lang='lat' dir='ltr'>Quem</span> <span class='ocrx_word' id='word_1_145' title='bbox 361 3903 536 3965; x_wconf 88' lang='lat' dir='ltr'>conatum</span> <span class='ocrx_word' id='word_1_146' title='bbox 558 3892 749 3989; x_wconf 84' lang='lat' dir='ltr'>acquirere</span> <span class='ocrx_word' id='word_1_147' title='bbox 766 3890 892 3988; x_wconf 90' lang='lat' dir='ltr'>potuit</span> <span class='ocrx_word' id='word_1_148' title='bbox 907 3889 1044 3963; x_wconf 88' lang='lat' dir='ltr'>vitrum</span> <span class='ocrx_word' id='word_1_149' title='bbox 1062 3891 1101 3962; x_wconf 92' lang='lat' dir='ltr'>in</span> 
     </span>
     <span class='ocr_line' id='line_1_21' title="bbox 56 4003 1101 4101; baseline -0.008 -20"><span class='ocrx_word' id='word_1_150' title='bbox 56 4003 198 4080; x_wconf 80' lang='lat' dir='ltr'>fusione</span> <span class='ocrx_word' id='word_1_151' title='bbox 215 4018 254 4079; x_wconf 93' lang='lat' dir='ltr'>et</span> <span class='ocrx_word' id='word_1_152' title='bbox 270 4004 561 4100; x_wconf 85' lang='lat' dir='ltr'>refrigeratione,</span> <span class='ocrx_word' id='word_1_153' title='bbox 579 4028 647 4101; x_wconf 91' lang='lat' dir='ltr'>per</span> <span class='ocrx_word' id='word_1_154' title='bbox 664 4028 745 4078; x_wconf 86' lang='lat' dir='ltr'>eam</span> <span class='ocrx_word' id='word_1_155' title='bbox 761 4005 860 4077; x_wconf 87' lang='lat' dir='ltr'>viam</span> <span class='ocrx_word' id='word_1_156' title='bbox 877 4027 952 4098; x_wconf 90' lang='lat' dir='ltr'>qua</span> <span class='ocrx_word' id='word_1_157' title='bbox 963 4004 1101 4075; x_wconf 88' lang='lat' dir='ltr'>vitrum</span> 
     </span>
     <span class='ocr_line' id='line_1_22' title="bbox 59 4117 470 4195; baseline -0.012 0"><span class='ocrx_word' id='word_1_158' title='bbox 59 4119 218 4195; x_wconf 84' lang='lat' dir='ltr'>candens</span> <span class='ocrx_word' id='word_1_159' title='bbox 233 4117 470 4194; x_wconf 83' lang='lat' dir='ltr'>fundebatur.</span> 
     </span>
    </p>

    <p class='ocr_par' dir='ltr' id='par_1_5' title="bbox 61 4229 1100 4442">
     <span class='ocr_line' id='line_1_23' title="bbox 102 4229 1100 4328; baseline -0.006 -22"><span class='ocrx_word' id='word_1_160' title='bbox 102 4233 152 4307; x_wconf 85' lang='lat' dir='ltr'>B.</span> <span class='ocrx_word' id='word_1_161' title='bbox 180 4232 391 4328; x_wconf 88' lang='lat' dir='ltr'>Corporum</span> <span class='ocrx_word' id='word_1_162' title='bbox 418 4230 595 4305; x_wconf 87' lang='lat' dir='ltr'>durorum</span> <span class='ocrx_word' id='word_1_163' title='bbox 624 4231 793 4328; x_wconf 88' lang='lat' dir='ltr'>plurimae</span> <span class='ocrx_word' id='word_1_164' title='bbox 828 4229 967 4327; x_wconf 87' lang='lat' dir='ltr'>species</span> <span class='ocrx_word' id='word_1_165' title='bbox 1001 4239 1100 4313; x_wconf 90' lang='lat' dir='ltr'>sunt,</span> 
     </span>
     <span class='ocr_line' id='line_1_24' title="bbox 61 4342 1100 4442; baseline -0.005 -26"><span class='ocrx_word' id='word_1_166' title='bbox 61 4345 214 4436; x_wconf 86' lang='lat' dir='ltr'>metalla,</span> <span class='ocrx_word' id='word_1_167' title='bbox 233 4342 376 4442; x_wconf 90' lang='lat' dir='ltr'>lapides</span> <span class='ocrx_word' id='word_1_168' title='bbox 393 4356 478 4435; x_wconf 81' lang='lat' dir='ltr'>etc,</span> <span class='ocrx_word' id='word_1_169' title='bbox 497 4369 580 4442; x_wconf 86' lang='lat' dir='ltr'>qnae</span> <span class='ocrx_word' id='word_1_170' title='bbox 598 4345 636 4418; x_wconf 96' lang='lat' dir='ltr'>in</span> <span class='ocrx_word' id='word_1_171' title='bbox 653 4344 854 4418; x_wconf 87' lang='lat' dir='ltr'>visceribus</span> <span class='ocrx_word' id='word_1_172' title='bbox 879 4354 987 4414; x_wconf 88' lang='lat' dir='ltr'>terrae</span> <span class='ocrx_word' id='word_1_173' title='bbox 1014 4352 1100 4413; x_wconf 91' lang='lat' dir='ltr'>sunt</span> 
     </span>
    </p>
   </div>
   <div class='ocr_carea' id='block_1_5' title="bbox 63 4454 1099 4639">
    <p class='ocr_par' dir='ltr' id='par_1_6' title="bbox 63 4454 1099 4639">
     <span class='ocr_line' id='line_1_25' title="bbox 63 4454 1099 4552; baseline -0.004 -23"><span class='ocrx_word' id='word_1_174' title='bbox 63 4469 95 4529; x_wconf 90' lang='lat' dir='ltr'>et</span> <span class='ocrx_word' id='word_1_175' title='bbox 120 4459 275 4535; x_wconf 82' lang='lat' dir='ltr'>fuerunt</span> <span class='ocrx_word' id='word_1_176' title='bbox 304 4483 327 4532; x_wconf 92' lang='lat' dir='ltr'>a</span> <span class='ocrx_word' id='word_1_177' title='bbox 354 4459 541 4533; x_wconf 87' lang='lat' dir='ltr'>creatione</span> <span class='ocrx_word' id='word_1_178' title='bbox 567 4457 750 4531; x_wconf 88' lang='lat' dir='ltr'>universi:</span> <span class='ocrx_word' id='word_1_179' title='bbox 778 4468 816 4529; x_wconf 93' lang='lat' dir='ltr'>et</span> <span class='ocrx_word' id='word_1_180' title='bbox 842 4464 1033 4552; x_wconf 85' lang='lat' dir='ltr'>praeterea,</span> <span class='ocrx_word' id='word_1_181' title='bbox 1056 4454 1099 4526; x_wconf 92' lang='lat' dir='ltr'>li-</span> 
     </span>
     <span class='ocr_line' id='line_1_26' title="bbox 927 4591 981 4639; baseline -0.074 0"><span class='ocrx_word' id='word_1_182' title='bbox 927 4591 948 4639; x_wconf 86' lang='lat' dir='ltr'><strong>z</strong></span> <span class='ocrx_word' id='word_1_183' title='bbox 967 4592 981 4635; x_wconf 82' lang='lat'>2</span> 
     </span>
    </p>
   </div>
   <div class='ocr_carea' id='block_1_6' title="bbox 0 0 1314 5092">
    <p class='ocr_par' dir='ltr' id='par_1_7' title="bbox 0 0 1314 5092">
     <span class='ocr_line' id='line_1_27' title="bbox 0 0 1314 5092; baseline 0 2"><span class='ocrx_word' id='word_1_184' title='bbox 0 0 1314 5092; x_wconf 95' lang='lat' dir='ltr'> </span> 
     </span>
    </p>
   </div>
  </div>
 </body>
</html>
