2618 5092
256 614 581 668 MATHEMATICAE
603 616 848 668 HODIERNAE.
1035 614 1078 681 13

41 783 247 880 ymbolum.
295 783 399 879 coge
416 783 529 880 igitur
542 783 645 857 illum
660 807 832 857 numeros
846 807 929 857 suos
944 783 1077 881 eloqui.
1113 814 1266 860 nnmom

41 898 136 985 licit,
150 897 280 985 credo,
296 921 492 970 numerum
506 898 664 971 alterum
677 898 808 971 saltem
822 922 901 971 esse
914 898 1078 971 surdum.
1119 900 1262 1005 „jd

41 1011 195 1086 Surdum
212 1024 344 1085 nutem
362 1022 428 1099 est,
452 1011 552 1108 quod
576 1012 720 1085 effabile
738 1036 812 1085 non
830 1023 897 1086 est.
947 1012 1030 1085 Jam
1049 1011 1080 1084 si

41 1126 140 1199 eries
156 1139 394 1222 proponatur
412 1149 660 1209 numerorum,
679 1127 726 1199 ab
743 1125 885 1199 unitate
902 1126 1080 1222 incipien-

41 1240 121 1312 ium
138 1250 179 1313 et
191 1239 341 1312 unitate
356 1240 613 1328 crescentium,
628 1240 795 1322 infinito3
821 1264 945 1314 nonne
962 1240 1000 1312 in
1018 1240 1080 1313 illa

41 1354 122 1426 terie
140 1375 319 1425 numeros
336 1374 464 1425 omnes
482 1352 661 1425 contineri
680 1352 857 1450 putores?

79 1466 130 1538 B.
158 1466 286 1539 Certe.

80 1578 131 1650 A.
158 1579 235 1650 Aut
251 1576 372 1650 ullum
390 1600 517 1649 eorum
535 1600 614 1650 esse
632 1576 882 1651 ineffabilem?

81 1692 133 1764 B.
160 1691 328 1764 Nullum.

82 1805 131 1877 A.
159 1803 295 1877 Nullus
320 1826 408 1899 ergo
433 1826 607 1876 numerus
632 1803 765 1877 surdus
784 1815 850 1876 est.
905 1803 978 1878 Sed
995 1828 1080 1900 per-

41 1915 344 2014 gamum-Quod
354 1926 476 1988 cutem
486 1913 796 2013 oelphilologico,
807 1914 988 1989 ueletiam
1000 1915 1080 1990 olio

41 2028 309 2128 olimooplricm
335 2028 604 2101 mathematicis
627 2028 912 2113 immiccncrim5
932 2029 1080 2127 purtim

41 2141 132 2215 illud
155 2141 210 2214 od
236 2140 398 2236 onlry'ccti
425 2139 712 2237 explicationem
734 2140 953 2213 commodum
979 2141 1080 2214 oide-

41 2253 155 2339 lotnr,
178 2252 327 2351 partim
357 2251 466 2323 ctiam
496 2251 713 2325 condimenti
739 2250 830 2341 loco,
858 2252 1079 2344 cc-Quid

41 2367 123 2440 illud
140 2379 209 2450 est,
232 2364 333 2461 quod
356 2377 510 2460 apparat
532 2363 758 2438 condimenti
775 2365 938 2438 scientiae
956 2389 1022 2461 per
1039 2390 1078 2440 se

41 2478 336 2575 jucundissimae?
392 2479 453 2551 An
483 2489 675 2564 γελωωποιὸν,
707 2502 754 2551 an
784 2493 897 2566 γελοῖον
927 2491 1078 2553 acturus

41 2594 118 2666 est?

83 2707 132 2779 B.
160 2704 265 2779 Nihil
284 2704 415 2777 minus,
468 2705 565 2777 Nam
583 2727 650 2800 per
661 2705 895 2802 philologioa‚
914 2730 958 2780 ea
974 2707 1080 2781 intel·

41 2817 113 2915 ligit
149 2842 233 2915 quae
265 2816 503 2889 continentur
533 2816 572 2889 in
602 2841 681 2914 cop.
714 2819 762 2891 vi.
791 2831 830 2892 et
860 2820 1078 2915 quibusdam

41 2932 271 3029 sequentibus
298 2929 345 3002 de
366 2930 597 3027 etymologiis
621 2933 811 3005 nominum
834 2934 1079 3007 numeralium

41 3044 262 3132 latinorum,
289 3043 398 3139 plena
415 3044 575 3138 ingenii;
602 3044 723 3139 qualia
745 3058 842 3134 sunt,
864 3044 1079 3120 Latinorum

41 3181 160 3232 rocem
185 3181 292 3229 unum
314 3156 472 3230 derivari
495 3157 664 3231 nGraeco
681 3171 761 3242 ὄὲν;
782 3159 855 3231 dno
873 3182 895 3230 a
912 3170 979 3240 δύος
1002 3168 1082 3232 trec

41 3281 155 3359 ἣτρεῖςς
175 3280 340 3368 quatuor
352 3294 374 3342 a
386 3285 498 3360 πίτυρα,
516 3285 615 3361 πίτυρα
629 3286 763 3361 Ετέτορα,
778 3284 817 3344 ei
832 3272 904 3346 hoc
917 3285 1081 3362 ὃτέσσαρας

41 3383 192 3481 quinquo
209 3406 231 3454 a
247 3398 337 3464 πέντε,
353 3383 474 3478 posito
492 3383 581 3480 quin
596 3409 664 3482 pro
682 3420 743 3466 πεν,
757 3397 795 3458 et
812 3410 882 3483 quc
898 3409 966 3482 pro
983 3423 1021 3459 re.

81 3493 130 3568 A.
159 3494 270 3568 Unde
288 3494 368 3566 lraec
387 3495 564 3590 conjicit?

80 3611 131 3683 B.
160 3609 310 3694 Nescio,
328 3609 398 3681 nisi
416 3634 438 3681 a
456 3609 689 3705 congruitate
706 3609 907 3684 literarum.

81 3723 130 3796 A.
159 3724 245 3796 Non
265 3734 324 3795 est
340 3723 437 3795 inter
455 3734 514 3794 ὅέν
539 3735 576 3795 et
592 3747 711 3812 unum,
733 3747 852 3820 neque
875 3726 972 3798 inter
990 3750 1079 3821 qno·

41 3845 115 3909 inor
132 3848 172 3910 et
188 3851 319 3926 τέσσαρα,
347 3859 466 3932 neque
483 3835 580 3908 inter
598 3836 753 3933 quinque
775 3851 813 3910 et
833 3853 921 3920 oens,
944 3862 1080 3934 magna

41 3950 191 4023 affinitas
209 3949 398 4022 literarum
414 3981 423 4033 ;
451 3960 488 4023 et
512 3949 665 4046 quilibet
689 3950 800 4023 etiam
819 3974 912 4047 puer
927 3964 1079 4025 tantun·

41 4063 116 4136 dem
135 4064 321 4158 conjicere
342 4065 474 4158 potnit.

81 4175 129 4248 B.
157 4175 313 4262 Deinde,
332 4172 476 4264 bellom,
494 4176 625 4271 inquit,
644 4192 793 4267 ἀπόλεμος
801 4177 982 4275 fortoooe
999 4177 1079 4250 dic-

41 4296 105 4362 tum
122 4298 193 4362 eot.
246 4292 305 4361 An
324 4288 551 4361 tondundem
569 4288 768 4384 conjiceret
785 4291 895 4363 etiam
915 4290 1032 4386 pueri

84 4402 131 4474 Α.
158 4401 326 4473 Minime.
380 4400 464 4474 Non
483 4412 539 4475 est
562 4402 659 4474 enim
678 4401 855 4475 derivatio
877 4403 940 4475 illa
957 4426 1077 4499 neque

41 4536 119 4588 vera
148 4539 268 4611 neque
297 4515 515 4605 verisimilis,
550 4515 615 4589 sed
648 4514 815 4607 ridicula,
851 4516 1078 4591 condimenti

41 4649 153 4703 causa.
