2618 5092
210 698 215 703 .
287 661 615 715 marunuamca
635 661 880 714 nortmanno.
1042 643 1110 709 143

61 825 180 922 signat,
199 849 324 923 quam
339 837 400 900 est
414 849 458 899 ex
475 826 572 900 datis
593 826 720 923 primis
748 825 915 899 terminis
942 847 1112 920 progres·
1149 845 1298 888 unrocus

63 939 160 1013 sionis
193 938 376 1012 inventio
403 938 631 1013 ulteriorum.
695 941 889 1027 Praeterea,
916 938 1016 1034 quod
1045 960 1111 1033 per
1152 927 1297 1031 „IL

64 1076 133 1127 eam
148 1053 326 1148 regulam
344 1052 504 1126 inveniri
530 1064 638 1149 putet
663 1052 904 1150 logarithmos
934 1051 1111 1123 termino-

65 1189 137 1239 rum
152 1165 486 1255 intermediorum,
499 1166 630 1240 falsum
649 1179 715 1240 est.
757 1167 853 1239 Nam
871 1189 892 1239 e
910 1164 1111 1250 contrario,

67 1280 123 1375 qui
135 1280 210 1353 bac
226 1291 394 1355 utuntur
411 1280 550 1376 regula,
575 1304 650 1353 non
672 1280 914 1376 legarithmos
941 1302 1009 1375 per
1037 1288 1112 1350 ter-

68 1393 179 1466 minos
212 1393 497 1489 progressionis,
529 1392 594 1467 sed
630 1393 807 1466 terminos
844 1391 1112 1489 progressionis

69 1506 255 1602 inquirunt
284 1528 356 1602 per
399 1506 640 1601 logarithmos
680 1506 800 1591 datos,
829 1505 1016 1589 nimirum,
1046 1527 1113 1600 per

70 1629 289 1715 potestatum
306 1618 589 1692 ascendentium
606 1617 747 1691 indices
764 1618 997 1691 arithmetice
1026 1639 1112 1711 pro-

71 1732 302 1828 portionales.

115 1845 164 1918 B.
190 1844 302 1919 Unde
316 1866 408 1939 ergo
425 1842 477 1917 illi
495 1845 534 1918 in
552 1856 714 1934 mentem
731 1845 857 1917 venire
887 1843 1007 1940 potuit
1037 1854 1112 1915 tarn

74 1958 210 2055 insigne
226 1959 437 2033 inventum.

117 2071 167 2146 A.
191 2071 466 2146 observaverat
483 2069 544 2143 ille
562 2069 659 2143 inter
677 2070 768 2144 duas
792 2070 1022 2166 quantitates
1053 2092 1112 2142 ex·

77 2193 213 2274 nemas,
231 2206 319 2257 oum
337 2181 470 2255 mediae
487 2183 671 2279 interponi
689 2183 832 2279 possint
857 2195 937 2255 tum
965 2206 1114 2278 geome-

79 2297 171 2370 trioae
198 2310 280 2371 tum
316 2294 560 2370 arithmeticae
594 2318 748 2369 numero
783 2295 948 2384 infinitae,
977 2306 1114 2389 quanto

80 2409 190 2504 plures
207 2409 515 2505 interponuntur,
538 2409 783 2481 tantominus
806 2407 1050 2505 geometricas
1080 2420 1118 2480 et

81 2523 321 2599 arithmeticas
344 2521 443 2595 inter
460 2545 499 2595 se
526 2521 683 2595 differre.
736 2521 839 2612 Inde,
865 2546 932 2595 nec
956 2520 1117 2610 aliunde,

83 2636 167 2712 venit
183 2637 219 2711 ei
236 2638 278 2711 in
296 2646 474 2726 mentem,
489 2635 590 2733 quod
607 2636 713 2709 valde
723 2635 848 2709 multis
862 2635 992 2709 mediis
1006 2636 1117 2708 inter·

83 2752 193 2846 positis
211 2751 253 2826 in
270 2749 418 2825 ratione
430 2750 666 2846 geometrica,
679 2749 907 2848 totidemque
918 2751 957 2822 in
975 2749 1118 2822 ratione

85 2869 318 2956 arithmetica,
342 2868 468 2942 alterae
485 2869 532 2942 ab
549 2868 674 2942 alteris
691 2893 765 2942 non
789 2868 967 2943 differunt
990 2868 1061 2940 nisi
1078 2868 1117 2941 in

86 2984 166 3057 notis
182 2982 387 3058 numericis
400 2983 553 3079 aprima
571 2982 664 3056 adeo
677 2983 840 3071 remotis,
854 2994 897 3055 ut
909 2997 1117 3078 postremae,

86 3097 223 3170 retentis
240 3095 441 3192 prioribus,
459 3095 538 3169 sine
556 3095 691 3169 damno
705 3095 835 3168 calculi
862 3095 1004 3190 possint
1029 3117 1118 3188 neg-

87 3205 203 3305 ligizet
213 3232 283 3306 per
296 3231 538 3304 consequens,
546 3231 591 3281 ea
603 3232 687 3305 quae
698 3232 765 3305 per
775 3206 1120 3303 multiplicationem

87 3331 114 3394 et
135 3321 358 3396 divisionem
384 3320 551 3394 solebant
581 3323 791 3418 supputari,
801 3344 870 3417 per
891 3320 1119 3393 additionem

86 3449 113 3508 et
142 3433 455 3510 substractionem
483 3434 573 3508 satis
600 3446 773 3509 accurate
795 3434 973 3530 expediri.
1025 3433 1119 3508 Qnae

85 3544 247 3644 deinceps
265 3545 395 3620 scribit
411 3546 598 3620 Wallisius
627 3548 673 3621 de
703 3548 1009 3645 logoritbmorum
1038 3571 1119 3633 usn,

84 3682 190 3756 pauca
205 3671 309 3749 sunt,
327 3672 367 3733 et
380 3660 602 3756 transcripta
621 3685 666 3734 ex
694 3660 800 3734 initio
829 3661 914 3736 libri
943 3661 989 3735 de
1018 3661 1120 3757 loga·

83 3774 219 3848 rithmis
236 3772 331 3846 editi
345 3797 370 3846 a
387 3770 552 3869 Briggio.

122 3888 172 3960 B.
198 3884 401 3958 Videamus
413 3886 492 3980 jam
509 3910 553 3959 ea
569 3910 652 3982 quae
670 3887 907 3960 continentur
930 3889 969 3960 in
988 3887 1120 3985 Capite

83 4000 216 4090 xxxiii,
234 3998 282 4072 de
296 3998 558 4095 Progressione
574 3999 806 4074 Geometrica
822 4023 889 4096 per
905 4001 1081 4097 symbola.

125 4112 174 4187 A.
208 4111 310 4185 Toto
344 4111 416 4185 hoc
451 4112 572 4208 capite
617 4113 825 4202 difficultas,
859 4128 996 4210 praeter
1039 4138 1120 4187 eam

83 4247 186 4319 quam
203 4223 346 4298 faciunt
362 4224 443 4320 ipsa
459 4224 636 4320 symbola,
653 4223 733 4299 fere
751 4225 853 4298 nulla
869 4240 937 4301 est.
991 4226 1120 4320 Itaque

83 4337 184 4410 unius
199 4348 347 4411 tantum
364 4337 604 4410 theorematis
618 4338 972 4413 demonstrationem
985 4336 1120 4409 exami-

85 4450 259 4540 nabimus,
270 4450 310 4523 in
327 4474 402 4546 qua
419 4451 585 4547 regulam
599 4450 852 4524 demonstrare
870 4460 1036 4537 conatur,
1050 4473 1123 4545 qua

86 4563 187 4659 vulgo
203 4574 362 4638 utuntur
380 4563 444 4660 qui
463 4575 642 4659 qnaerunt,
656 4589 837 4639 summam
858 4562 1123 4662 progressionis
