2618 5092
217 693 290 759 252
533 706 589 765 DE
607 702 782 761 unwan
800 704 940 760 ABBIE·

218 873 340 947 venda
365 874 496 948 utitur.
547 872 622 948 Sed
649 873 696 948 de
721 898 839 949 vacuo
865 872 1035 949 dicturus
1059 882 1099 947 et
1122 880 1231 945 namra

217 986 326 1076 aeris,
343 986 452 1059 aliam
470 986 623 1059 assumit
641 986 889 1083 hypothesim,
904 986 1016 1078 hanc,
1031 984 1132 1085 quod
1153 995 1233 1059 tem

217 1111 360 1172 motum
376 1099 447 1172 sibi
474 1099 664 1196 proprium
691 1098 818 1186 habet,
835 1099 883 1174 ab
911 1098 995 1196 ipsa
1018 1110 1151 1173 natura
1174 1094 1235 1171 sive

217 1213 404 1285 creatione
427 1224 632 1309 acceptum,
650 1212 763 1286 etiam
790 1208 1016 1285 circularem
1041 1208 1234 1311 simplicem

216 1326 264 1397 Et
281 1349 346 1421 per
356 1325 643 1422 suppositionem
656 1324 753 1399 hanc
770 1324 887 1398 multa
899 1323 946 1398 de
970 1322 1093 1399 musis
1108 1334 1236 1398 natum

216 1438 312 1511 libus
328 1439 520 1535 perspicue
535 1439 788 1523 demonstrat:
814 1462 897 1512 eam
913 1448 1040 1511 antem
1057 1436 1172 1534 qualis
1189 1434 1237 1521 sit,

217 1553 270 1626 sic
288 1552 484 1650 intelliges.
511 1554 622 1627 Sume
639 1553 709 1627 tibi
725 1553 763 1626 in
781 1574 913 1626 manus
929 1550 1090 1649 pelvem,
1102 1549 1141 1623 ln
1153 1549 1239 1647 cujus

215 1667 330 1741 fundo
348 1668 395 1740 sit
420 1667 690 1765 aliquantulum
716 1690 846 1764 aquae:
875 1663 1239 1763 quantulumcunque,

215 1779 327 1853 modo
361 1781 515 1855 visibile.
571 1780 706 1855 Nonne
734 1792 842 1877 potes
870 1791 913 1853 tn
941 1777 1117 1875 aqunlam
1145 1776 1240 1863 illan,

215 1894 358 1989 pelvem
382 1895 578 1984 movendo,
600 1894 656 1968 ita
682 1916 843 1979 movere,
871 1904 915 1967 nt
947 1892 1091 1967 circum
1120 1901 1241 1977 currat,

217 2006 363 2081 elevans
380 2032 431 2095 se,
449 2008 549 2081 circa
558 2006 674 2103 pelvis
685 2005 914 2104 superficiem
932 2004 1159 2080 concavam?

266 2119 313 2195 B.
341 2122 504 2210 Possum,
522 2129 561 2193 et
576 2118 760 2193 facillime.
812 2119 910 2193 Nem
935 2118 1082 2215 pelvem
1102 2130 1242 2213 utraque

216 2257 328 2306 manu
345 2256 599 2330 comprensam
616 2233 765 2329 agitabo
783 2231 1012 2305 circulariter
1026 2263 1036 2316 ;
1054 2230 1121 2305 sed
1137 2229 1244 2305 ntcir·

216 2347 317 2420 culos
344 2347 455 2420 faciat
474 2346 579 2420 valde
598 2370 741 2443 parma,
768 2368 816 2417 ne
838 2369 935 2440 aqua
956 2343 1094 2418 exiliat.
1148 2338 1244 2418 Quod

216 2485 301 2533 cum
326 2460 470 2549 faciam,
486 2485 590 2556 aqna,
610 2484 692 2555 quae
710 2459 747 2530 in
775 2458 891 2531 fundo
916 2468 1008 2546 erat,
1039 2458 1119 2530 sine
1146 2456 1243 2529 dnbio

216 2585 380 2670 exurget,
404 2587 442 2646 et
469 2598 535 2670 per
561 2573 788 2670 superficiem
820 2572 936 2668 pelvis
964 2595 1167 2645 concavam
1185 2570 1243 2642 cir·

215 2688 402 2759 cumfluet.

265 2797 312 2874 A.
341 2799 414 2872 Sed
432 2810 553 2872 motus
577 2798 675 2871 illius
697 2797 897 2887 circularis
915 2796 1001 2894 qnia
1019 2809 1202 2870 moturum
1217 2805 1246 2866 te

216 2912 307 2986 dicis
336 2913 479 3009 pelvem
505 2927 660 3009 utraque
691 2936 802 2985 mann
832 2910 1074 3001 circulariter,
1102 2910 1166 2983 nbi
1188 2908 1247 2982 erit

216 3026 411 3100 centrum?

267 3141 315 3214 B.
344 3138 547 3214 Centrum?
610 3139 886 3235 Inexpectatum
919 3137 990 3209 hoc
1025 3134 1132 3211 dicis.
1187 3136 1247 3209 Re-

215 3254 377 3349 spondeo
396 3266 532 3341 tamen,
551 3265 678 3325 centra
695 3263 792 3342 sunt,
809 3275 883 3325 nou
902 3274 1030 3336 unum,
1048 3250 1116 3324 sed
1132 3250 1247 3348 plnra;

215 3379 270 3440 tot
288 3366 398 3440 credo
411 3378 501 3463 quot
517 3377 671 3462 possunt
688 3367 891 3461 incorpore
904 3364 1020 3461 pelvis
1034 3363 1248 3437 considerari

214 3491 364 3576 puncta,
383 3491 420 3553 et
452 3480 569 3576 (quod
592 3481 772 3576 sequitur)
803 3478 956 3552 totidem
986 3478 1139 3569 circelli,
1161 3480 1248 3575 iique

214 3593 311 3666 inter
329 3617 368 3667 se
386 3594 555 3691 aeqnales

265 3706 314 3779 A.
341 3707 576 3804 Descripsisti
603 3732 691 3804 ergo
719 3717 860 3779 motum
887 3706 1002 3794 illum,
1022 3729 1135 3802 quem
1152 3715 1250 3780 vocat

216 3821 384 3894 Hobbius
402 3820 621 3895 circularem
638 3820 868 3918 simplicem
894 3820 965 3893 nisi
984 3819 1085 3915 quod
1102 3844 1169 3916 per
1185 3819 1251 3894 cir·

213 3934 378 4008 celarem
416 3934 590 4031 intelligit
624 3934 685 4008 ille
720 3945 860 4007 motum
895 3933 933 4005 in
968 3956 1007 4005 se
1041 3932 1250 4007 redeuntem

214 4048 425 4146 quemlibet.

266 4161 315 4234 B.
343 4160 404 4234 Sic
422 4159 587 4256 intelligo
601 4182 745 4255 quoque
765 4182 846 4255 ego.
883 4156 986 4229 Nihil
1003 4168 1060 4230 est
1078 4168 1252 4255 conceptu

213 4274 367 4348 facilius.
420 4275 656 4370 Supponatur
687 4295 787 4368 ergo,
817 4284 861 4344 ut
883 4271 1003 4366 jubes,
1036 4271 1152 4346 talem
1181 4293 1253 4344 esse

213 4388 355 4462 telluris
372 4399 513 4461 motum
536 4385 755 4459 circularem
783 4383 997 4482 simplicem,
1016 4386 1186 4460 naturae*
1204 4385 1253 4482 ip-

213 4501 288 4574 sius
306 4501 555 4597 congenitum.
607 4534 612 4539 ·

590 4699 606 4733 '¹
631 4695 680 4756 Sic
694 4696 774 4754 Edit.
793 4697 878 4754 1668.
