2640 5092
301 123 877 178 ararnnurarrcmnonrnnnn.
1032 108 1103 171 215

388 446 637 516 raoaosmro
658 462 785 514 xvm.

111 617 285 692 Invenire
302 631 471 692 centrum
483 617 676 715 gravitatis
689 614 870 713 segmenti
885 611 1003 704 BOB,
1021 637 1108 688 con-

57 731 158 804 tenti
176 755 266 804 arcu
283 731 499 828 quadrantis
516 742 553 803 et
571 730 746 802 subtensa
763 751 870 802 arcus
887 725 970 799 BC.

112 843 274 918 Invento
311 857 441 917 centro
481 841 673 939 gravitatis
715 841 890 938 trianguli
928 839 1110 913 rectilinei

59 953 187 1042 ABC,
222 957 288 1029 fiat
317 969 360 1029 ut
390 967 621 1052 segmentum
656 953 761 1027 BCB
803 954 851 1026 ad
885 952 1110 1048 triangulum

59 1067 186 1156 ABC,
214 1069 269 1142 ita
295 1067 471 1141 distantia
500 1068 598 1140 inter
632 1079 762 1141 centra
794 1067 988 1163 gravitatis
1019 1090 1110 1162 qua-

60 1181 208 1255 drantis
228 1181 335 1253 ABC
355 1193 392 1256 et
415 1181 590 1277 trianguli
608 1179 716 1253 ABC
734 1180 783 1252 ad
800 1180 921 1252 aliam.
972 1180 1021 1252 Et
1048 1179 1112 1252 illa

60 1296 217 1369 inventa
233 1306 394 1391 ponatur
410 1319 433 1367 a
449 1306 590 1391 puncto
608 1327 627 1364 v
643 1317 770 1368 versus
784 1316 910 1366 arcum
924 1293 963 1365 in
981 1291 1111 1364 eadem

62 1409 254 1496 ructuas,
278 1432 409 1504 nempe
427 1431 485 1496 vr,
509 1418 547 1479 et
572 1407 643 1479 erit
664 1431 685 1479 r
710 1419 878 1479 centrum
905 1405 1111 1501 quaesitum.

64 1522 188 1596 Datur
200 1533 326 1593 autem
339 1520 435 1593 ratio
445 1519 571 1592 bilinei
583 1517 679 1594 BCB
690 1519 737 1592 ad
753 1519 978 1614 triangulum
993 1518 1112 1608 ABC,

64 1656 201 1730 nempe
218 1633 314 1707 ratio
332 1633 402 1706 Fu
418 1632 466 1705 ad
484 1633 560 1721 FE,
580 1643 619 1705 et
645 1644 702 1704 est
725 1644 895 1705 centrum
919 1632 1114 1728 gravitatis

65 1746 251 1844 segmenti
274 1745 381 1820 BCB
411 1747 582 1820 inrecta
611 1747 684 1835 Aa,
709 1746 749 1819 in
774 1769 847 1841 qua
874 1759 961 1819 sunt
985 1758 1115 1819 centra

64 1860 262 1957 gravitatis
301 1875 382 1934 tum
423 1859 599 1956 trianguli
632 1870 712 1932 tum
746 1859 962 1955 quadrantis
990 1857 1114 1932 ABG.

66 1974 188 2049 Datur
205 1996 295 2070 ergo
311 1984 490 2070 punctum
508 1997 541 2061 r,
568 1972 605 2045 id
631 1986 699 2061 est,
725 1984 894 2046 centrum
921 1971 1115 2068 gravitatis

68 2087 253 2184 segmenti
287 2083 407 2160 BCB.
472 2085 625 2159 Factum
667 2108 757 2180 ergo
800 2097 868 2175 est,
902 2085 1001 2181 quod
1035 2095 1116 2158 erat

67 2198 294 2273 faciendum.

118 2312 171 2386 B.
198 2310 317 2384 Video
334 2310 445 2384 etiam
463 2310 563 2384 aliud
584 2310 688 2406 sequi
705 2311 801 2383 scitu
813 2335 888 2384 non
911 2311 1117 2406 indignum,

68 2424 259 2512 nimirum,
277 2423 439 2516 planum,
457 2421 557 2519 quod
582 2422 748 2495 nascitur
777 2422 824 2495 ab
852 2423 1117 2519 aggregatione

69 2552 272 2625 rectarum,
284 2560 368 2633 quae
381 2537 540 2632 aequales
559 2549 645 2610 sunt
658 2536 825 2633 partibus
838 2561 945 2609 arcus
956 2536 1117 2632 BCper-

69 2662 185 2748 petuo
202 2673 226 2722 a
243 2649 359 2722 nihilo
388 2649 638 2722 crescentibus
662 2651 770 2746 juxta
796 2649 976 2722 rationem
1005 2648 1118 2721 arith·

70 2761 410 2858 meticam‚quando
421 2762 657 2859 applicantur
671 2762 874 2836 ordinatim
883 2763 931 2836 ad
942 2763 1119 2835 terminos

70 2900 271 2951 curvarum
288 2875 358 2949 sibi
386 2876 595 2972 aequalium,
609 2899 741 2971 nempe
770 2877 843 2965 Bl‚
858 2878 932 2965 Ba,
945 2877 1018 2965 B3,
1033 2888 1118 2965 etc,

70 2990 233 3088 aequales
256 3013 335 3062 esse
347 2988 459 3086 plano
481 2989 581 3085 quod
598 2989 763 3062 nascitur
786 2990 832 3062 ab
856 2991 1119 3086 aggregatione

70 3104 220 3177 sinuum
254 3116 441 3175 rectorum
469 3101 671 3175 eorundem
694 3125 858 3190 arcuum,
891 3102 1039 3199 qnando
1067 3101 1121 3175 illi

71 3216 175 3290 sinus
185 3214 405 3289 ordinantur
411 3215 547 3311 singuli
558 3214 605 3288 ad
619 3216 797 3290 terminos
808 3240 960 3289 arcuum
970 3240 1119 3290 suorum

71 3329 109 3403 in
121 3341 229 3403 recta
244 3353 327 3426 quae
344 3331 393 3403 sit
409 3330 479 3425 ipsi
494 3329 596 3403 arcui
614 3328 682 3402 BC
698 3329 860 3426 aeqnalis.
904 3330 1002 3402 Nam
1020 3330 1121 3426 quod

72 3453 317 3540 aggregatum
327 3443 473 3516 sinuum
484 3454 671 3515 rectorum
684 3443 848 3516 omnium
861 3443 914 3516 ita
931 3444 1121 3518 ordinato·

72 3579 157 3630 rum
190 3555 334 3653 aequale
368 3568 427 3629 est
461 3554 646 3652 quadrato
680 3555 785 3644 radii,
821 3556 1121 3630 demonstrarunt

72 3668 231 3744 fortasoe
247 3669 384 3765 plures,
402 3668 466 3742 sed
484 3668 625 3741 invenit
643 3681 681 3740 et
699 3669 964 3743 demonstravit
981 3671 1121 3766 primns

74 3782 363 3879 Christopherus
379 3782 506 3871 Wren,
533 3782 769 3856 astronomiae
794 3783 985 3878 professor
1012 3783 1121 3855 Gree-

74 3899 274 3977 hamensis.

1143 310 1294 355 DIALoGUs

1199 392 1241 432 Vl·

1146 459 1290 499 »σγ-ό
