2618 5092
234 637 308 703 328
509 646 788 705 Panaenum
806 649 1007 706 rutatos.

53 845 122 888 co.
137 846 180 888 ιν.
233 841 301 914 per
329 816 494 891 laborem
518 817 752 915 jactitantur,
781 815 918 893 mirum
945 840 1027 893 non
1055 826 1114 893 eat
1138 816 1171 893 ai
1191 840 1261 917 pau

50 913 193 1018 {J
236 953 366 1004 eorum
382 930 507 1027 aliqua
521 930 635 1005 etiam
650 930 832 1028 ejiciatur.

60 1036 154 1083 '‘¹¹¹⁰‘'
285 1043 335 1117 Α.
361 1043 484 1118 Multa
496 1053 585 1117 sunt
601 1066 686 1141 quae
701 1042 890 1119 bominem
907 1041 1134 1117 ealefaoiunt
1147 1042 1265 1141 absque

234 1157 336 1232 omni
358 1155 493 1231 sudore
514 1166 554 1230 et
568 1157 814 1249 exhalatione,
829 1168 876 1231 nt
889 1156 1070 1249 eausuoa,
1085 1156 1265 1247 neuma

233 1270 320 1345 alia.

286 1384 335 1460 B.
361 1383 629 1459 Proculdubio:
656 1382 723 1459 sed
748 1408 825 1459 non
846 1384 928 1459 sine
955 1392 1149 1459 eoum
1194 1382 1266 1457 llon

234 1501 333 1576 enim
345 1514 548 1598 operantur
563 1525 587 1577 a
603 1500 790 1577 distantia.

284 1614 333 1688 A.
361 1613 560 1688 Quomodo
577 1626 633 1689 est
649 1614 751 1690 calor
766 1636 879 1689 eausa
893 1612 1001 1704 lucis,
1018 1612 1134 1711 idque
1144 1611 1185 1687 iu
1198 1632 1267 1685 oor·

234 1726 386 1825 poribus
413 1725 596 1824 aliquibus
623 1727 752 1825 magis,
778 1727 961 1825 aliquibus
987 1724 1138 1800 minus?
1187 1724 1268 1799 Sunt

233 1840 346 1914 etiam
364 1840 401 1913 iu
416 1840 549 1937 quibus
563 1840 686 1915 lueem
702 1839 907 1939 producere
929 1862 1125 1937 nunquam
1150 1848 1268 1937 potat.

284 1951 332 2026 B.
360 1950 472 2026 Calor
488 1976 565 2026 non
582 1962 640 2027 est
656 1976 769 2027 eausa
783 1952 899 2027 lueis:
924 1951 991 2027 sed
1007 1952 1050 2027 iu
1067 1950 1269 2049 eorporibnr

234 2064 361 2139 multis
373 2064 501 2138 eadem
518 2088 643 2155 caum,
659 2064 784 2157 idest,
801 2064 900 2139 idem
917 2076 1055 2155 motus,
1074 2078 1135 2139 est
1149 2064 1271 2139 uuius-

234 2202 306 2276 que
323 2190 403 2253 tum
419 2177 512 2251 lueis
529 2190 610 2251 tum
623 2177 768 2252 caloris.
819 2178 907 2252 Non
923 2191 1014 2253 sunt
1028 2201 1122 2275 ergo
1137 2178 1272 2252 interae

233 2292 335 2366 calor
352 2303 391 2364 et
407 2290 483 2382 lux,
499 2303 544 2365 nt
558 2314 669 2365 cansa
688 2304 728 2365 et
744 2290 910 2381 effectus,
927 2290 994 2365 sed
1011 2292 1169 2367 effeetus
1186 2294 1272 2389 ejus-

234 2405 320 2479 dem
336 2428 457 2478 eausae
473 2405 623 2500 gemini.

286 2518 335 2591 Α.
363 2518 448 2592 (luo
465 2517 605 2614 pacto?

283 2630 331 2703 B.
357 2630 638 2728 Apparitiouem
650 2632 732 2705 fieri
748 2631 841 2705 lueis
855 2631 928 2704 scis
940 2644 1030 2705 ante
1044 2631 1273 2728 oeulos,qna-

233 2766 379 2838 cunque
396 2753 552 2841 spectas,
570 2744 683 2818 etiam
699 2743 878 2834 fricando,
892 2744 1113 2842 premendo,
1127 2745 1187 2819 vel
1201 2768 1274 2842 per-

234 2855 407 2931 cutiendo
422 2856 580 2929 oculum.
617 2856 660 2930 Id
674 2857 774 2953 quod
787 2857 934 2930 aliunde
945 2858 1049 2931 nasci
1063 2882 1141 2934 non
1151 2870 1275 2956 potest,

235 2994 346 3067 quam
372 2993 395 3042 a
418 2969 652 3043 restitutione
675 2969 836 3066 partium
863 2971 961 3044 oculi
984 2972 1107 3068 pressi
1120 2972 1181 3046 vel
1202 2995 1274 3070 per·

234 3083 331 3158 oussi
357 3081 405 3155 ad
432 3082 543 3155 situm
568 3081 786 3156 naturalem.
838 3082 973 3157 Nonne
998 3084 1056 3157 sol
1082 3083 1275 3181 rejiciendo

233 3220 357 3271 aerem
374 3196 521 3270 oculum
533 3197 696 3291 premit?
748 3197 883 3270 Nonne
900 3220 1058 3294 corpora
1079 3198 1277 3273 illuminata

233 3311 333 3384 idem
369 3310 522 3399 faciunt,
566 3309 653 3383 lieet
692 3309 860 3397 debilius,
899 3334 968 3407 per
1005 3308 1275 3387 redentionem?

234 3424 357 3498 Etiam
375 3446 516 3519 organa
532 3422 694 3513 visionis,
712 3423 852 3512 oculus,
866 3447 942 3512 cor,
957 3425 1169 3517 cerebrum,
1185 3449 1277 3523 pras·

234 3538 328 3610 sioni
353 3537 446 3610 aeris
474 3536 612 3610 resistit
635 3560 702 3633 per
720 3550 896 3611 conatum
913 3539 1147 3612 eontrarium
1165 3538 1213 3613 ad
1227 3561 1277 3612 re·

235 3651 466 3724 stitutionem
479 3674 605 3724 versus
623 3664 787 3725 externa.
831 3651 906 3725 Cur
924 3675 1014 3748 ergo
1032 3676 1111 3727 nou
1128 3654 1278 3727 oriretur

234 3764 416 3860 apparitio
433 3764 525 3837 lueis
541 3775 628 3838 ante
645 3764 784 3856 oculos,
802 3788 907 3862 aeque
923 3789 969 3838 ao
992 3765 1033 3838 iu
1061 3767 1163 3842 oculi
1186 3790 1278 3865 pres

235 3879 337 3951 sione
354 3876 412 3949 vel
429 3878 694 3973 percussione?

285 3993 336 4066 A.
363 3990 524 4081 Orietur,
542 4015 618 4065 non
636 4016 742 4088 nego.
796 3991 870 4066 Sed
892 3990 983 4065 illud
1010 3992 1115 4088 quod
1131 4004 1278 4090 apparet

234 4131 257 4179 a
283 4103 530 4202 percussione,
555 4105 645 4201 quid
672 4106 757 4178 est?
808 4106 912 4178 Nihil
941 4105 1043 4178 enim
1070 4129 1173 4181 nune
1199 4118 1279 4180 ante

234 4218 381 4292 nemum
398 4228 465 4307 est,
483 4217 583 4313 quod
601 4242 674 4291 uon
692 4219 744 4291 ibi
758 4230 837 4291 erat
853 4217 968 4313 prius.
1014 4217 1118 4292 Nam
1134 4220 1167 4294 si
1180 4231 1279 4304 esset,

234 4332 422 4406 videretur
439 4332 562 4428 potius
580 4332 626 4404 ab
644 4332 747 4405 aliis:
776 4332 833 4404 vel
851 4331 881 4404 si
904 4343 1017 4405 nocte
1044 4333 1166 4424 fleret,
1183 4333 1278 4407 loeus

234 4446 296 4518 nbi
311 4448 354 4520 fit
370 4445 648 4518 illuminaretur.

287 4560 334 4634 B.
362 4559 558 4634 Phantasia
576 4569 655 4647 est;
682 4559 800 4656 qualis
822 4570 880 4634 est
902 4559 1027 4655 imago
1044 4557 1275 4657 inspe0u103
