2618 5092
417 635 753 690 cuouurnanum.
1037 622 1109 685 453

112 802 145 875 Α
164 814 306 900 puncto
323 802 358 875 R
374 803 533 876 ducatur
550 815 653 876 recta
664 800 731 893 Ra,
745 825 872 877 secans
891 802 959 876 AD
977 802 1014 875 iu
1026 808 1060 889 β,
1073 816 1110 875 et
1143 825 1181 867 ca

56 914 126 990 Bc
142 915 183 988 in
200 950 236 1014 γ.
274 916 428 990 Secetur
446 916 501 1013 By
517 915 697 989 trifariam
714 916 753 989 in
771 916 791 988 δ
806 928 844 990 et
858 944 892 988 e:
912 915 1109 989 ducantur·
1149 897 1181 996 ᾗ

59 1052 134 1124 que
151 1041 266 1103 rectae
283 1028 348 1119 Ra,
366 1040 405 1103 et
422 1029 469 1102 tt
487 1041 654 1102 secantes
672 1052 799 1102 arcum
812 1029 864 1102 Ba
882 1029 920 1102 in
938 1061 956 1111 η
974 1038 1013 1101 et
1029 1034 1059 1116 ζ,
1073 1039 1110 1101 et
1151 1032 1181 1068 ⁸¹²

57 1143 119 1230 Αβ
135 1142 211 1215 ind
228 1153 267 1215 et
284 1144 320 1215 λ.

111 1256 208 1330 Dico
226 1278 353 1328 arcum
372 1255 424 1327 Ba
441 1253 600 1328 divisum
626 1277 705 1327 esse
731 1253 911 1328 trifariam
929 1277 952 1327 a
968 1254 1111 1328 duabus

59 1369 176 1443 rectis
192 1369 259 1455 Ra,
278 1368 341 1450 Rr.

112 1481 213 1556 Nam
230 1493 383 1578 propter
400 1480 593 1577 parallelas
612 1481 680 1580 By,
696 1482 766 1572 Aa,
789 1481 907 1556 divisa
923 1491 980 1556 est
998 1482 1111 1555 etiam

60 1596 121 1680 Aa
137 1594 318 1669 trifariam
332 1594 372 1667 in
390 1628 408 1676 η
426 1604 464 1666 et
481 1597 503 1664 λ
523 1594 569 1667 ab
586 1595 717 1668 iisdem
735 1596 847 1668 rectis
865 1595 929 1686 Ra,
942 1595 1000 1669 Rs
1045 1596 1112 1667 Est

62 1721 189 1782 autem
215 1707 273 1795 Aa
299 1707 347 1781 ad
372 1718 491 1781 totam
518 1706 588 1781 AD
611 1719 654 1781 ut
680 1732 788 1783 arcus
805 1709 1022 1806 quadrantis
1048 1708 1113 1780 de-

62 1820 194 1917 scripti
211 1819 403 1893 intervallo
420 1820 488 1908 Aa,
516 1820 565 1893 ad
582 1844 708 1894 arcum
727 1834 849 1896 totum
868 1822 934 1896 BD
952 1822 1113 1917 descrip-

63 1948 145 2009 tum
162 1932 358 2007 intervallo
376 1931 456 2005 AD.

116 2047 241 2120 Etiam
265 2070 372 2120 arcus
390 2044 607 2142 quadrantis
636 2044 812 2143 descripti
829 2071 853 2121 a
870 2048 983 2121 tertia
1006 2059 1113 2143 parte

63 2184 173 2235 arcus
191 2161 247 2247 Αβ
262 2160 333 2233 erit
350 2161 461 2232 tertia
477 2183 562 2255 pars
581 2160 645 2232 Ba.

115 2273 236 2347 Arcus
262 2270 477 2368 quadrantis
505 2271 680 2367 descripti
707 2273 754 2345 ab
773 2273 827 2345 Αθ
850 2274 898 2346 sit
917 2277 982 2364 θμ;
1009 2295 1115 2346 arcus

64 2397 191 2461 autem
209 2383 425 2482 quadrantis
444 2384 619 2480 descripti
637 2386 683 2458 ab
703 2386 757 2472 Αβ
776 2387 824 2459 sit
840 2397 892 2472 βν.

116 2500 203 2574 Non
233 2498 410 2571 differunt
437 2521 526 2593 ergo
544 2522 651 2571 arcus
678 2498 752 2572 duo
766 2511 809 2584 βν
826 2510 865 2572 et
883 2499 935 2572 Ba
954 2500 1050 2573 inter
1078 2525 1117 2574 se

65 2611 310 2710 longitudine,
347 2611 413 2684 sed
447 2612 645 2686 curvedine
676 2625 836 2704 tantum,
865 2637 951 2687 cum
982 2616 1030 2688 sit
1065 2615 1116 2688 Ba

66 2726 202 2814 minus,
218 2734 266 2824 βγ
293 2724 410 2821 magis
441 2747 566 2798 curva.
618 2724 723 2798 Idem
753 2726 953 2801 dicendum
983 2740 1038 2803 est
1071 2730 1117 2803 de

66 2864 158 2914 arcu
174 2843 228 2932 θμ,
245 2850 284 2912 et
301 2837 445 2911 caeteris
464 2838 635 2913 omnibus
652 2839 812 2914 arcubus
831 2840 1028 2940 descriptis
1057 2868 1116 2917 su-

65 2978 134 3052 per
152 2956 207 3042 θλ,
218 2957 276 3040 λβ,
294 2964 332 3026 et
351 2952 494 3025 caeteris
512 2954 670 3025 arcubus
697 2954 761 3048 qui
782 2953 905 3028 adbuc
932 2955 1116 3029 describe-

67 3081 199 3142 rentur
216 3090 327 3163 super
342 3065 474 3138 barum
485 3066 688 3162 aequalibus
699 3067 880 3162 partibuS,
894 3072 1116 3165 comparatis

63 3207 154 3258 cum
166 3180 333 3278 partibus
347 3179 526 3253 similibus
540 3180 848 3253 circumferentiae
863 3181 927 3254 Ba.

119 3294 293 3390 intellige
310 3295 388 3389 jam
405 3304 544 3389 puncta
561 3327 581 3364 a
597 3304 635 3366 et
650 3302 673 3378 β
690 3292 842 3366 admota
858 3316 937 3366 esse
955 3295 993 3367 in
1010 3295 1117 3368 lineis

68 3408 137 3484 AB
154 3419 194 3481 et
210 3417 253 3493 βα
270 3406 319 3479 ad
334 3416 357 3492 β
375 3417 413 3478 et
430 3440 462 3495 a,
480 3418 518 3478 et
536 3407 692 3502 proinde
718 3429 845 3479 arcum
861 3415 904 3490 βν
927 3409 1051 3505 jacere
1079 3411 1118 3482 in

71 3522 136 3595 Ba.
189 3519 419 3614 Congrueret
437 3541 527 3614 ergo
545 3542 628 3591 cum
648 3543 737 3592 arcu
764 3519 844 3615 ipso
871 3522 935 3610 Ba,
954 3522 984 3594 si
1007 3522 1118 3594 modo

71 3633 196 3708 omnia
212 3644 353 3729 puncta
369 3635 400 3720 θ,
412 3635 447 3720 λ,
462 3645 500 3704 et
514 3656 643 3706 omnes
659 3645 783 3729 partes
800 3634 930 3710 harum
949 3639 1119 3733 aequaleS,

70 3748 258 3822 ferrentur
284 3744 393 3818 simul
415 3745 454 3817 in
480 3745 554 3818 suis
572 3770 726 3842 quaeque
753 3747 859 3822 lineis
877 3749 999 3823 ductis
1021 3752 1067 3823 ab
1087 3752 1121 3822 R

72 3860 192 3934 donec
222 3858 460 3955 pervenirent
487 3858 535 3931 ad
561 3883 688 3932 arcum
716 3859 779 3932 Ba.
833 3862 993 3936 Necesse
1021 3866 1120 3936 enim

72 3987 184 4060 esset,
202 3974 234 4045 si
248 3977 303 4057 Aa
320 3985 360 4045 et
379 3972 428 4044 lla
447 3971 564 4045 divisa
577 3984 700 4046 essent
718 3973 755 4046 in
774 3987 897 4070 partes
911 3978 1068 4073 aequales
1083 3980 1121 4050 in

72 4099 164 4185 quot
186 4085 362 4183 possibile
380 4097 439 4158 est
464 4109 526 4158 eas
543 4086 671 4174 dividi,
690 4099 731 4159 ut
752 4088 906 4184 singulae
932 4090 1122 4163 abscinde-

74 4214 160 4275 rent
177 4213 322 4297 partem
340 4221 448 4272 arcus
466 4200 517 4271 Ba
534 4201 710 4296 aequalem
729 4201 923 4295 quadranti
951 4225 1060 4299 super
1083 4228 1122 4276 se

75 4313 276 4410 descripta
317 4312 443 4386 Quare
461 4312 571 4385 etiam
587 4326 688 4386 recta
709 4314 763 4385 Re
779 4316 960 4389 abscindit
977 4317 1023 4389 ab
1035 4342 1123 4390 arcu

78 4429 127 4500 Ba
154 4427 302 4500 tertiam
332 4437 474 4520 partem
505 4450 612 4499 arcus
641 4426 703 4515 Ba,
729 4451 860 4524 nempe
891 4429 961 4514 Ba;
989 4444 1025 4504 et
1056 4433 1124 4521 Rt,

78 4544 170 4618 duas
188 4539 318 4614 tertias
336 4539 512 4634 ejusdem.
