2618 5092
489 621 546 674 an
566 623 723 676 annum.
1112 610 1181 676 301

42 808 227 909 docunque
245 815 444 914 arripiunt,
456 818 683 914 perturbata
722 818 878 909 Deinde,
895 842 1005 916 quem
1022 817 1186 891 studium

41 958 188 1037 Naturae
201 961 376 1039 delectat.
428 966 621 1057 Praeterea,
639 968 702 1063 qui
715 969 967 1065 experimenta
983 967 1029 1042 de
1052 969 1185 1065 quibus

41 1110 98 1186 hic
115 1112 318 1201 disseritur,
336 1116 414 1213 ipse
431 1118 543 1191 nosti.
595 1119 643 1192 Et
666 1117 836 1217 denique,
854 1120 959 1216 cujus
983 1118 1125 1216 judicio
1153 1119 1185 1192 si

41 1260 195 1356 placent,
227 1289 251 1338 a
276 1265 617 1341 contradicentium
650 1278 868 1366 contemptu
909 1282 948 1343 et
981 1267 1185 1341 maledictis

41 1414 173 1508 possim
189 1415 349 1512 protegi.

89 1564 219 1640 Restat
234 1580 290 1657 ut,
309 1588 411 1640 more
428 1565 674 1655 offerentium,
691 1565 891 1663 adjungam
904 1565 1083 1640 oblationi
1098 1589 1184 1663 pre-

41 1715 176 1790 culam:
201 1740 348 1814 nempe,
375 1727 419 1790 ut
443 1715 603 1790 lectione
637 1714 782 1812 dignari
804 1714 895 1789 velis
925 1716 1074 1790 brevem
1101 1740 1184 1811 quae

41 1869 203 1966 sequitur
219 1867 452 1968 Apologiam
477 1891 546 1965 pro
563 1867 659 1941 libro
677 1890 772 1957 meo,
790 1890 899 1966 quem
917 1867 963 1940 de
981 1867 1185 1963 Republica

41 2042 204 2095 sermone
222 2018 343 2116 patrio
370 2018 549 2117 scriptum
578 2018 759 2116 appellavi
787 2039 1044 2091 narranaam.
1096 2018 1185 2093 Non

41 2179 158 2244 tamen
175 2183 218 2244 ut
234 2168 416 2266 apologiae
432 2169 689 2267 qualicunque,
707 2168 774 2242 sed
789 2167 991 2243 Amnestiae
1010 2171 1181 2265 generali

41 2317 221 2395 confidere
251 2318 446 2393 consilium
476 2319 567 2393 mihi
591 2321 651 2394 sit.
705 2320 798 2394 Nec.
811 2331 855 2393 ut
878 2343 937 2393 me
965 2344 1041 2393 non
1072 2320 1184 2395 modo

41 2470 155 2560 rania,
171 2469 239 2544 sed
250 2469 364 2544 edam
375 2469 497 2566 gratia
510 2481 576 2543 tua
590 2470 666 2567 jam
680 2481 859 2559 utentem,
870 2481 909 2543 et
925 2469 1107 2544 beneficio
1119 2482 1185 2545 tuo

44 2618 245 2714 gratissimo
275 2632 460 2708 ornatum,
494 2615 593 2716 apud
619 2619 857 2716 Maiestatem
890 2630 993 2693 tuam
1026 2644 1184 2718 purgare

47 2789 185 2845 necesse
213 2766 394 2841 babeam:
424 2767 490 2841 sed
514 2779 570 2857 ut,
602 2790 730 2842 eorum
761 2792 873 2855 causa
902 2769 966 2867 qui
994 2770 1184 2844 malevolis

51 2918 128 2992 meis
143 2929 284 2993 temere
302 2917 492 2992 credentes
519 2917 627 2991 aliter
657 2917 703 2991 de
730 2943 790 2992 me
816 2942 926 3015 quam
953 2944 1100 3017 aeqnnm
1127 2932 1184 2996 est

52 3068 210 3156 tendunt,
229 3065 450 3141 sententiam
468 3090 588 3139 meam
610 3065 859 3141 duriusculam
882 3068 1029 3165 publice
1045 3072 1183 3166 possim

53 3214 302 3316 aliquantulum
319 3218 495 3292 emollire.

89 3370 218 3458 Primo,
237 3370 373 3465 dogma
389 3369 442 3443 ibi
459 3369 558 3467 quod
578 3371 834 3468 theologorum
859 3375 1054 3449 sententiae
1081 3400 1180 3451 com-

56 3522 138 3596 nuni
163 3522 392 3596 contrarium
420 3522 481 3611 sit,
508 3521 650 3597 nullum
679 3523 820 3597 directe
850 3524 1017 3599 affirmo:
1045 3527 1122 3618 sed,
1139 3541 1183 3601 ut

55 3663 184 3762 diffisus,
201 3672 349 3746 illorum
359 3672 516 3747 decretis
528 3671 674 3746 disertis
685 3672 807 3747 verbis
821 3675 1012 3765 submitto,
1024 3700 1181 3772 quorum

55 3832 97 3894 tat
120 3825 158 3898 in
186 3823 353 3898 Ecclesia
380 3821 544 3919 regenda
573 3845 716 3897 summa
745 3824 962 3899 authoritas.
1025 3826 1182 3915 Deinde,

53 3985 228 4071 postquam
245 3972 420 4046 Ecclesiae
436 3972 640 4046 authoritas
659 3973 829 4047 restituta
842 3990 956 4048 esset:
983 4001 1069 4049 nam
1093 3976 1182 4050 dum

53 4111 116 4198 hoc
145 4127 362 4214 scribebam,
388 4124 564 4216 Ecclesiae
593 4125 809 4221 Anglicanae
840 4128 1004 4223 regimen
1038 4129 1181 4202 nullum

53 4288 128 4367 erat,
156 4279 222 4353 sed
251 4278 501 4373 unusquisque
531 4276 704 4375 quioquid
735 4279 852 4352 voluit
886 4280 1000 4352 libere
1035 4280 1181 4376 scripsit

53 4420 243 4526 ediditque:
270 4450 391 4523 neque
418 4426 556 4521 scripto
586 4450 707 4522 neque
737 4426 919 4523 colloquio
937 4426 999 4501 illa
1017 4452 1179 4524 unquam

53 4564 191 4651 defendi.
