2618 5092
239 688 315 761 400
398 705 453 758 nn
472 698 705 760 numerous
721 698 775 757 ar
791 698 1164 757 nmocrunmoua

51 900 199 1005 Q
240 866 1279 970 culisintcgrisrquuuquumcrcuslllimajorn'tquum

59 1026 96 1073 ῃ,
240 982 323 1057 ΒΝ.

104 1027 195 1088 m
290 1094 486 1185 Praeterea,
504 1096 543 1170 in
555 1095 687 1171 eodem
704 1092 857 1185 circulo,
869 1114 947 1193 quo
962 1095 1091 1171 minor
1105 1106 1166 1171 eat
1179 1118 1279 1171 arona

239 1230 285 1284 eo
300 1210 482 1283 minorem
498 1209 613 1285 habet
633 1208 868 1299 curvitatem,
884 1208 926 1283 in
951 1210 1101 1285 ratione
1124 1210 1281 1309 ipsorum

239 1346 404 1412 arcuum,
422 1323 486 1418 qui
508 1324 548 1397 in
573 1324 675 1397 omni
700 1334 842 1423 puncto
857 1318 1054 1421 aqualiter
1075 1322 1281 1414 fleetuntur,

239 1436 317 1509 sive
334 1436 587 1511 incurvantur.

290 1550 493 1639 Postremo,
506 1561 641 1624 natura
656 1548 781 1647 anguli
794 1571 904 1647 quem
920 1548 1069 1625 fuciunt
1085 1549 1166 1625 duo
1182 1572 1281 1625 arcus

240 1662 319 1752 ΒΑ,
346 1662 425 1753 BD,
453 1686 531 1737 non
563 1662 733 1738 consistit
764 1662 804 1736 in
835 1662 1048 1761 quantitate
1082 1663 1282 1761 superficiei

238 1798 350 1873 quum
378 1776 595 1851 continente
621 1800 709 1851 nam
736 1776 864 1873 anguli
893 1776 1086 1875 quantitas
1114 1774 1282 1851 determi-

239 1900 338 1980 nata,
355 1891 567 1987 superficies
588 1890 653 1963 illu
675 1890 962 1965 indeterminata
986 1902 1058 1965 est.
1113 1888 1283 1965 Similiter

237 2026 358 2101 neque
391 2004 561 2079 consistit
592 2014 726 2079 natura
752 2003 891 2102 anguli,
919 2026 1032 2101 quem
1062 2002 1158 2079 iacit
1188 2014 1283 2077 rectu

240 2115 304 2189 BL
320 2140 405 2189 cum
428 2140 519 2191 arcu
543 2116 630 2207 BM,
647 2115 687 2191 in
704 2117 899 2214 superficie
911 2115 1121 2207 indefinita,
1139 2114 1201 2191 cui
1216 2115 1282 2191 illa

240 2227 322 2301 duae
338 2227 444 2301 linem
460 2229 635 2324 utrinque
651 2227 813 2302 adstant.

290 2346 313 2380 “
326 2341 369 2414 ln
386 2366 460 2438 qno
472 2341 597 2437 ergo”,
611 2340 768 2438 inquies,
786 2339 994 2413 “consistit
1009 2352 1150 2415 natura
1165 2339 1283 2437 anguli

240 2466 433 2528 contactus
451 2454 608 2527 duorum
625 2478 790 2543 arcuum,
801 2454 860 2527 vel
877 2477 986 2528 arcus
1004 2469 1045 2526 ct
1062 2455 1217 2528 rcctm?”
1242 2453 1281 2525 ln

240 2592 297 2656 eo,
315 2566 416 2663 quod
436 2568 593 2663 angulus
616 2566 677 2640 ille
701 2567 923 2641 determinat
941 2567 1190 2663 quantitatem
1207 2591 1281 2641 cur-

239 2680 388 2753 vitatis:
415 2692 460 2752 ut
485 2705 531 2753 ex
556 2681 666 2753 modo
691 2678 799 2753 dictis
822 2690 950 2775 aperte
974 2693 1139 2753 constat.
1192 2681 1280 2754 Nom

240 2816 323 2865 cum
343 2791 416 2865 duo
429 2816 536 2865 arcus
547 2793 626 2881 BD,
638 2793 705 2865 BA
717 2792 792 2866 sint
808 2815 910 2888 toque
924 2792 1043 2881 curvi,
1057 2805 1170 2867 erunt
1179 2794 1280 2867 etiam

239 2930 346 2979 arcus
364 2906 452 2996 ΒΜ,
467 2906 535 2979 ΒΝ
552 2907 630 3004 (qui
648 2919 734 2980 snut
746 2919 789 2979 ut
802 2929 909 2979 arcus
924 2906 991 2979 BD
1005 2906 1055 2980 ad
1068 2930 1198 2981 arcum
1212 2908 1281 2999 ΒΑ)

239 3043 343 3115 aeque
366 3021 482 3093 curvi.
533 3021 581 3094 Et
599 3020 686 3117 quia
703 3043 811 3093 arcus
834 3020 907 3093 ΒΜ
925 3019 1041 3117 duplo
1059 3024 1211 3096 curvior
1231 3034 1280 3095 est

240 3156 306 3205 sua
330 3134 491 3223 semisse,
511 3147 604 3231 puta
625 3157 714 3207 arcu
733 3135 810 3224 ΒΟ,
829 3135 899 3207 erit
918 3156 1067 3231 quoque
1094 3160 1203 3210 arcus
1219 3133 1279 3209 BN

240 3245 352 3342 duplo
365 3247 513 3320 curvior
524 3270 634 3343 quam
647 3258 704 3321 est
720 3247 818 3320 idem
833 3271 940 3321 arcus
956 3246 1021 3322 ΒΟ
1037 3249 1110 3322 sibi
1127 3248 1277 3346 aqualis.

239 3358 363 3456 Atque
380 3359 479 3432 idem
496 3361 647 3433 omnino
661 3360 853 3457 continget
869 3361 1028 3435 inomni
1045 3362 1120 3436 alia
1136 3384 1277 3460 propor-

238 3471 340 3544 tione
358 3496 466 3546 orcus
484 3474 678 3547 exterioris
696 3474 745 3547 ad
762 3474 992 3548 interiorem.

289 3585 420 3682 Itaque
436 3611 543 3660 arcus
560 3586 614 3660 illi
632 3588 695 3683 qui
711 3587 888 3682 angulum
903 3598 1100 3661 contactus
1114 3587 1278 3661 dicuntur

238 3697 393 3789 efficere,
412 3699 513 3772 aliud
530 3725 605 3773 non
628 3713 716 3773 sunt
743 3701 936 3797 (quoniam
960 3703 1129 3775 curvitas
1157 3703 1275 3796 major,

238 3810 296 3882 rel
314 3811 446 3902 minor,
463 3813 521 3886 vel
538 3815 700 3910 aequaliS,
718 3814 826 3888 alteri
851 3815 1026 3889 curvitati
1048 3838 1131 3889 csse
1147 3814 1274 3913 potest)

207 3930 215 3945 '
239 3948 348 4021 quam
367 3926 552 4022 quantitas
567 3928 775 4001 curvedinis
792 3928 1114 4002 circumferentiae.
1159 3930 1277 4024 ltaque

237 4040 414 4134 ungulum
448 4050 651 4129 contactus,
687 4065 798 4137 quem
837 4042 1014 4138 angulum
1050 4041 1126 4116 dici
1159 4043 1278 4116 volunt

236 4165 449 4247 geometrae,
464 4154 517 4226 sic
530 4153 685 4228 definio:
703 4152 872 4253 Augurius
885 4165 1082 4229 contactae
1098 4166 1158 4229 eet
1174 4180 1278 4255 quon·

238 4264 330 4338 titur
346 4267 543 4339 curvitatis
555 4292 636 4364 quc
652 4277 710 4340 est
722 4269 760 4340 iu
773 4292 866 4340 arou
882 4267 1146 4364 circulifacta
1162 4294 1189 4343 a
1203 4292 1278 4342 coa-

237 4379 340 4453 tinuo
357 4389 395 4452 et
407 4380 756 4477 unfformiflecioac
772 4382 879 4455 lineoe
894 4391 1024 4455 rectoe.

288 4493 462 4588 Sequitur
478 4494 577 4583 hinc,
592 4495 630 4565 in
647 4508 787 4590 puncto
805 4494 924 4590 primo
938 4507 1053 4570 rectae
1065 4496 1142 4588 BL,
1156 4516 1277 4591 nempe

238 4619 377 4699 puncto
395 4606 437 4696 B,
455 4608 518 4682 ubi
546 4607 648 4681 nulla
674 4608 829 4705 intelligi
856 4619 983 4704 potest
1007 4610 1132 4701 flexio,
1149 4611 1277 4686 nullan
