2618 5092
434 666 768 720 unomnrasnum.
1045 651 1118 718 405

71 830 196 904 ductae
213 854 238 903 a
255 840 386 928 centro
404 832 451 907 ad
478 833 821 922 circumferentiam,
839 832 980 907 faciunt
997 843 1039 905 ut
1056 856 1118 905 an·
1153 859 1221 899 cm.
1232 857 1298 897 vm.

69 943 180 1039 gulos
201 944 465 1041 conspiciatur.
519 947 649 1043 Neque
671 959 758 1021 sunt
781 946 854 1019 illae
880 946 986 1020 linere
1006 957 1117 1020 rectae
1160 924 1303 1043 ff

71 1055 118 1129 de
146 1057 311 1131 essentia
335 1058 471 1155 anguli,
493 1060 556 1154 qui
583 1060 661 1133 siue
686 1060 759 1134 illis
785 1060 1052 1134 determinatur
1079 1061 1117 1132 iu

70 1193 173 1258 arcu,
188 1194 402 1268 quanquam
416 1173 626 1248 essentiales
643 1175 718 1248 sint
729 1174 857 1270 figuris
871 1173 1065 1271 angulatis,
1078 1186 1119 1246 ut

71 1283 283 1380 triangulis,
302 1284 501 1381 quadratis,
519 1299 589 1361 ete.

123 1397 181 1470 Ex
194 1398 253 1472 his
272 1422 354 1494 quae
369 1398 469 1472 dicta
486 1411 573 1473 sunt
589 1400 636 1474 de
650 1409 783 1473 natura
796 1401 933 1498 anguli,
950 1400 1072 1474 brevis
1082 1412 1120 1474 et

70 1509 173 1585 clara
194 1511 353 1607 emergit
376 1512 502 1608 auguli
526 1512 635 1608 hujus
663 1513 809 1609 generis
833 1513 1000 1587 definitio
1018 1514 1118 1587 haec:

71 1621 249 1723 Angelus
266 1633 325 1697 eat
337 1623 580 1714 circuitionis,
591 1624 668 1697 sice
682 1624 984 1716 circumlationis,
1003 1625 1118 1714 rodii,

71 1734 157 1810 dnm
173 1735 354 1810 &mlum
370 1735 430 1810 vel
440 1748 594 1836 portem
612 1736 747 1810 circuli
765 1736 959 1827 describit,
978 1738 1119 1834 quonti-

73 1857 146 1923 toa.
208 1848 341 1924 Dicere
370 1850 468 1923 enim
496 1848 598 1946 quod
625 1850 674 1923 sit
704 1848 897 1923 inclinatio
923 1850 1118 1939 linearum,

74 1962 231 2036 aniculae
261 1963 384 2059 potius
411 1975 467 2036 est
498 1962 662 2037 sedentis
687 1963 734 2036 ad
763 1963 940 2059 angulum
971 1964 1119 2052 camini,

73 2100 183 2174 quam
202 2076 465 2166 mathematici,
484 2075 721 2173 ejusdemque
746 2077 910 2149 accurati
933 2088 972 2148 et
996 2076 1118 2171 rigidi.

121 2189 338 2263 Mensuram
365 2202 487 2262 autem
516 2189 626 2284 hujus
643 2189 790 2285 generis
816 2188 1035 2285 angulorum
1054 2213 1120 2285 ag-

71 2316 232 2377 noscunt
250 2326 375 2376 omnes
393 2326 472 2376 esse
489 2327 618 2377 arcum
636 2303 787 2376 circuli:
807 2315 1015 2399 agnoscunt
1027 2303 1118 2375 item

71 2438 280 2490 mensuram
308 2429 347 2490 et
372 2428 625 2489 mensuratum
656 2439 735 2489 esse
761 2416 800 2488 in
825 2415 955 2490 eodem
982 2440 1118 2513 genere

72 2529 301 2625 quantitatis.
363 2529 467 2603 Idem
484 2553 572 2626 ergo
590 2543 647 2603 est
674 2530 892 2626 quantitatis
914 2552 1043 2627 genua,
1062 2555 1118 2604 ar·

73 2667 136 2717 cus
155 2653 194 2717 et
212 2642 381 2740 angrrlus.

119 2755 408 2830 Consideremus
438 2758 516 2853 jam
546 2766 716 2829 naturam
751 2756 885 2855 anguli
915 2768 1118 2833 contactus.

71 2870 199 2944 Divisa
229 2870 296 2943 AB
322 2869 491 2943 bifariam
521 2869 560 2942 in
583 2870 631 2954 K,
658 2869 763 2942 radio
793 2870 861 2943 KB
890 2870 1119 2945 describatur

70 2983 324 3057 semicirculus
342 2982 427 3056 BA:
453 2981 680 3079 ducaturque
698 2992 800 3056 recta
818 2983 881 3056 BL
893 2985 1117 3079 magnitudi-

69 3097 126 3170 nis
161 3095 378 3186 indefiuitae,
408 3095 473 3169 sed
505 3095 680 3192 parallelo
709 3095 783 3185 AF,
809 3120 892 3192 quae
920 3110 1118 3193 propterea

69 3220 200 3306 tanget
217 3208 374 3282 circulos
392 3198 460 3282 BA
475 3221 514 3281 et
531 3209 596 3282 BD
614 3208 651 3280 in
669 3220 809 3304 puncto
827 3209 869 3281 Β.
924 3208 1116 3306 Suppone-

68 3346 151 3397 mus
175 3333 317 3395 rectam
340 3321 513 3417 aliquam,
532 3333 574 3393 ut
595 3321 669 3408 BL,
690 3321 866 3417 aequalem
893 3321 995 3394 arcui
1026 3322 1115 3394 BA:

68 3434 295 3533 impossibile
313 3435 412 3508 enim
429 3459 504 3508 non
523 3445 591 3508 est.
644 3433 901 3530 Supponamus
924 3436 1035 3509 etiam
1054 3437 1117 3510 BL

69 3549 108 3625 in
132 3548 235 3622 omni
253 3549 331 3645 ejus
344 3560 482 3645 puncto
496 3547 686 3644 aequaliter
710 3548 809 3621 flecti
826 3548 902 3621 sive
920 3548 1116 3641 incurvari,

69 3662 123 3736 ita
140 3673 185 3737 ut
203 3661 390 3735 coincidet
406 3686 490 3736 cum
508 3684 596 3734 arcu
616 3661 703 3735 BA:
721 3684 840 3756 neque
858 3662 956 3736 enim
974 3662 1045 3735 hoc
1060 3675 1117 3736 est

67 3775 307 3872 impossibile,
330 3776 417 3873 quia
438 3786 481 3849 ut
507 3799 615 3848 arcus
642 3775 856 3848 extensione
884 3776 965 3848 fieri
995 3788 1117 3872 potest

66 3887 167 3962 linea
183 3901 298 3975 recta,
316 3889 370 3961 ita
388 3899 490 3963 recta
505 3912 573 3985 per
584 3888 795 3962 flectionem
809 3889 975 3961 converti
993 3900 1118 3985 potest
1149 3902 1155 3916 ·

66 4001 107 4074 iu
123 4024 254 4074 arcum
272 4000 412 4074 circuli.
466 4001 656 4074 Habemus
682 4023 772 4095 ergo
799 3999 891 4074 duos
909 4025 1017 4073 arcus
1036 4001 1115 4088 BA,

68 4114 136 4189 BD
153 4114 346 4212 aequaliter
363 4137 506 4204 curvoS,
524 4138 735 4211 quanquam
752 4113 1007 4210 magnitudine
1026 4114 1114 4185 inae-

67 4226 207 4325 quales.
259 4226 414 4317 Deinde,
433 4228 463 4300 si
481 4252 505 4300 a
520 4239 660 4322 puncto
683 4227 714 4300 B
738 4225 896 4298 ducatur
917 4236 1020 4297 recta
1039 4225 1114 4297 BM

67 4362 199 4416 secans
216 4353 415 4438 utrumque
432 4340 713 4426 semicirculum,
729 4341 905 4435 majorem
924 4338 962 4410 in
976 4339 1030 4426 M,
1045 4338 1113 4410 mi-

66 4476 198 4529 norem
216 4453 255 4529 iu
273 4454 334 4528 N:
360 4466 470 4528 erunt
486 4477 632 4550 quoque
650 4475 756 4527 arcus
775 4452 860 4540 BM,
880 4451 947 4524 BN
965 4451 1114 4547 aequali-

67 4579 280 4660 teramnae,
298 4590 382 4643 cum
400 4567 528 4642 sintin
546 4567 675 4641 eadem
692 4565 835 4641 ratione
853 4587 937 4639 cum
951 4565 1025 4639 suis
1042 4564 1112 4639 cir-
