<?xml version="1.0" encoding="UTF-8"?>
<!DOCTYPE html PUBLIC "-//W3C//DTD XHTML 1.0 Transitional//EN"
    "http://www.w3.org/TR/xhtml1/DTD/xhtml1-transitional.dtd">
<html xmlns="http://www.w3.org/1999/xhtml" xml:lang="en" lang="en">
 <head>
  <title>
</title>
<meta http-equiv="Content-Type" content="text/html;charset=utf-8" />
  <meta name='ocr-system' content='tesseract 3.04.00' />
  <meta name='ocr-capabilities' content='ocr_page ocr_carea ocr_par ocr_line ocrx_word'/>
</head>
<body>
  <div class='ocr_page' id='page_1' title='image "./thomhobbesmalme03hobbgoog_0245.png"; bbox 0 0 2618 5092; ppageno 0'>
   <div class='ocr_carea' id='block_1_1' title="bbox 186 671 1020 738">
    <p class='ocr_par' dir='ltr' id='par_1_1' title="bbox 186 671 1020 738">
     <span class='ocr_line' id='line_1_1' title="bbox 186 671 1020 738; baseline 0 -1"><span class='ocrx_word' id='word_1_1' title='bbox 186 671 260 738; x_wconf 76' lang='lat'><strong>230</strong></span> <span class='ocrx_word' id='word_1_2' title='bbox 403 682 676 736; x_wconf 77' lang='lat' dir='ltr'><strong>nxaurusrro</strong></span> <span class='ocrx_word' id='word_1_3' title='bbox 695 683 749 737; x_wconf 82' lang='lat' dir='ltr'><strong>rr</strong></span> <span class='ocrx_word' id='word_1_4' title='bbox 766 684 1020 737; x_wconf 73' lang='lat' dir='ltr'><strong>rnrunarro</strong></span> 
     </span>
    </p>
   </div>
   <div class='ocr_carea' id='block_1_2' title="bbox 15 844 1213 1177">
    <p class='ocr_par' dir='ltr' id='par_1_2' title="bbox 15 844 1213 1177">
     <span class='ocr_line' id='line_1_2' title="bbox 17 844 1207 947; baseline 0.002 -28"><span class='ocrx_word' id='word_1_5' title='bbox 17 879 147 921; x_wconf 70' lang='lat' dir='ltr'><strong>amous</strong></span> <span class='ocrx_word' id='word_1_6' title='bbox 187 874 297 923; x_wconf 86' lang='lat' dir='ltr'><strong>causa</strong></span> <span class='ocrx_word' id='word_1_7' title='bbox 313 874 388 923; x_wconf 92' lang='lat' dir='ltr'><strong>non</strong></span> <span class='ocrx_word' id='word_1_8' title='bbox 402 850 575 925; x_wconf 83' lang='lat' dir='ltr'><strong>facillime</strong></span> <span class='ocrx_word' id='word_1_9' title='bbox 593 852 647 925; x_wconf 88' lang='lat' dir='ltr'><strong>sio</strong></span> <span class='ocrx_word' id='word_1_10' title='bbox 670 850 901 947; x_wconf 77' lang='lat' dir='ltr'><strong>expediatur,</strong></span> <span class='ocrx_word' id='word_1_11' title='bbox 917 862 958 927; x_wconf 91' lang='lat' dir='ltr'><strong>et</strong></span> <span class='ocrx_word' id='word_1_12' title='bbox 973 848 1103 925; x_wconf 86' lang='lat' dir='ltr'><strong>eodem</strong></span> <span class='ocrx_word' id='word_1_13' title='bbox 1117 844 1207 923; x_wconf 80' lang='lat' dir='ltr'><strong>modo</strong></span> 
     </span>
     <span class='ocr_line' id='line_1_3' title="bbox 15 958 1210 1065; baseline -0.004 -25"><span class='ocrx_word' id='word_1_14' title='bbox 15 960 144 1065; x_wconf 50' lang='lat'><strong>„2¹2-</strong></span> <span class='ocrx_word' id='word_1_15' title='bbox 187 989 261 1060; x_wconf 93' lang='lat' dir='ltr'><strong>quo</strong></span> <span class='ocrx_word' id='word_1_16' title='bbox 295 963 591 1061; x_wconf 77' lang='lat' dir='ltr'><strong>pharmacopola</strong></span> <span class='ocrx_word' id='word_1_17' title='bbox 616 976 828 1062; x_wconf 87' lang='lat' dir='ltr'><strong>temperant</strong></span> <span class='ocrx_word' id='word_1_18' title='bbox 857 988 926 1040; x_wconf 88' lang='lat' dir='ltr'><strong>sna</strong></span> <span class='ocrx_word' id='word_1_19' title='bbox 953 964 1148 1062; x_wconf 82' lang='lat' dir='ltr'><strong>pharmaca</strong></span> <span class='ocrx_word' id='word_1_20' title='bbox 1173 958 1210 1035; x_wconf 81' lang='lat' dir='ltr'><strong>ed</strong></span> 
     </span>
     <span class='ocr_line' id='line_1_4' title="bbox 186 1070 1213 1177; baseline -0.004 -24"><span class='ocrx_word' id='word_1_21' title='bbox 186 1079 444 1175; x_wconf 86' lang='lat' dir='ltr'><strong>praescriptum</strong></span> <span class='ocrx_word' id='word_1_22' title='bbox 468 1078 709 1154; x_wconf 87' lang='lat' dir='ltr'><strong>medicorum.</strong></span> <span class='ocrx_word' id='word_1_23' title='bbox 760 1080 922 1177; x_wconf 79' lang='lat' dir='ltr'>Recipe:</span> <span class='ocrx_word' id='word_1_24' title='bbox 949 1076 1114 1175; x_wconf 85' lang='lat' dir='ltr'><strong>eorporis</strong></span> <span class='ocrx_word' id='word_1_25' title='bbox 1136 1070 1213 1173; x_wconf 74' lang='lat' dir='ltr'><strong>puri,</strong></span> 
     </span>
    </p>
   </div>
   <div class='ocr_carea' id='block_1_3' title="bbox 185 1188 1275 1855">
    <p class='ocr_par' dir='ltr' id='par_1_3' title="bbox 185 1188 1275 1855">
     <span class='ocr_line' id='line_1_5' title="bbox 187 1188 1275 1291; baseline 0.002 -28"><span class='ocrx_word' id='word_1_26' title='bbox 187 1190 235 1264; x_wconf 90' lang='lat' dir='ltr'><strong>ad</strong></span> <span class='ocrx_word' id='word_1_27' title='bbox 269 1192 439 1277; x_wconf 84' lang='lat' dir='ltr'><strong>libitum3</strong></span> <span class='ocrx_word' id='word_1_28' title='bbox 465 1192 672 1289; x_wconf 84' lang='lat' dir='ltr'><strong>gravitatis,</strong></span> <span class='ocrx_word' id='word_1_29' title='bbox 701 1190 840 1291; x_wconf 80' lang='lat' dir='ltr'><strong>gradus</strong></span> <span class='ocrx_word' id='word_1_30' title='bbox 867 1203 980 1277; x_wconf 78' lang='lat' dir='ltr'><strong>oeto3</strong></span> <span class='ocrx_word' id='word_1_31' title='bbox 1007 1188 1214 1289; x_wconf 75' lang='lat' dir='ltr'><strong>quantitatis,</strong></span> <span class='ocrx_word' id='word_1_32' title='bbox 1273 1268 1275 1273; x_wconf 76' lang='grc'>,</span> 
     </span>
     <span class='ocr_line' id='line_1_6' title="bbox 186 1304 1275 1403; baseline 0 -24"><span class='ocrx_word' id='word_1_33' title='bbox 186 1305 399 1402; x_wconf 89' lang='lat' dir='ltr'><strong>paululum;</strong></span> <span class='ocrx_word' id='word_1_34' title='bbox 426 1306 561 1381; x_wconf 89' lang='lat' dir='ltr'><strong>eoloris</strong></span> <span class='ocrx_word' id='word_1_35' title='bbox 577 1307 675 1395; x_wconf 86' lang='lat' dir='ltr'><strong>flavi,</strong></span> <span class='ocrx_word' id='word_1_36' title='bbox 693 1319 874 1403; x_wconf 90' lang='lat' dir='ltr'><strong>quantum</strong></span> <span class='ocrx_word' id='word_1_37' title='bbox 901 1305 1050 1381; x_wconf 80' lang='lat' dir='ltr'><strong>suffieit</strong></span> <span class='ocrx_word' id='word_1_38' title='bbox 1108 1304 1217 1379; x_wconf 76' lang='lat' dir='ltr'><strong>rusa</strong></span> <span class='ocrx_word' id='word_1_39' title='bbox 1273 1308 1275 1323; x_wconf 93' lang='lat'>&#39;</span> 
     </span>
     <span class='ocr_line' id='line_1_7' title="bbox 188 1416 1221 1517; baseline -0.002 -27"><span class='ocrx_word' id='word_1_40' title='bbox 188 1419 269 1492; x_wconf 85' lang='lat' dir='ltr'><strong>Fiet</strong></span> <span class='ocrx_word' id='word_1_41' title='bbox 297 1442 440 1494; x_wconf 91' lang='lat' dir='ltr'><strong>aurum.</strong></span> <span class='ocrx_word' id='word_1_42' title='bbox 492 1418 670 1515; x_wconf 88' lang='lat' dir='ltr'><strong>Lepidam</strong></span> <span class='ocrx_word' id='word_1_43' title='bbox 696 1442 826 1493; x_wconf 88' lang='lat' dir='ltr'><strong>narras</strong></span> <span class='ocrx_word' id='word_1_44' title='bbox 849 1416 1135 1517; x_wconf 86' lang='lat' dir='ltr'><strong>philosophandi</strong></span> <span class='ocrx_word' id='word_1_45' title='bbox 1159 1436 1221 1490; x_wconf 89' lang='lat' dir='ltr'><strong>me·</strong></span> 
     </span>
     <span class='ocr_line' id='line_1_8' title="bbox 188 1532 1225 1743; baseline -0.005 -24"><span class='ocrx_word' id='word_1_46' title='bbox 188 1532 365 1720; x_wconf 43' lang='lat' dir='ltr'><strong>thziilffifit</strong></span> <span class='ocrx_word' id='word_1_47' title='bbox 382 1670 463 1719; x_wconf 90' lang='lat' dir='ltr'><strong>eam</strong></span> <span class='ocrx_word' id='word_1_48' title='bbox 481 1646 632 1742; x_wconf 90' lang='lat' dir='ltr'><strong>quidem</strong></span> <span class='ocrx_word' id='word_1_49' title='bbox 643 1645 887 1743; x_wconf 77' lang='lat' dir='ltr'><strong>philosophiae</strong></span> <span class='ocrx_word' id='word_1_50' title='bbox 898 1644 1121 1719; x_wconf 80' lang='lat' dir='ltr'><strong>reformatae.</strong></span> <span class='ocrx_word' id='word_1_51' title='bbox 1145 1640 1225 1715; x_wconf 78' lang='lat' dir='ltr'><strong>Vide</strong></span> 
     </span>
     <span class='ocr_line' id='line_1_9' title="bbox 185 1756 1227 1855; baseline -0.003 -24"><span class='ocrx_word' id='word_1_52' title='bbox 185 1760 262 1854; x_wconf 88' lang='lat' dir='ltr'><strong>jam</strong></span> <span class='ocrx_word' id='word_1_53' title='bbox 293 1758 552 1855; x_wconf 84' lang='lat' dir='ltr'><strong>antiquiorem.</strong></span> <span class='ocrx_word' id='word_1_54' title='bbox 616 1758 808 1834; x_wconf 71' lang='lat' dir='ltr'><strong>Quaeritur</strong></span> <span class='ocrx_word' id='word_1_55' title='bbox 838 1780 1012 1853; x_wconf 82' lang='lat' dir='ltr'><strong>quaenam</strong></span> <span class='ocrx_word' id='word_1_56' title='bbox 1039 1756 1227 1842; x_wconf 76' lang='lat' dir='ltr'><strong>sitorum,</strong></span> 
     </span>
    </p>
   </div>
   <div class='ocr_carea' id='block_1_4' title="bbox 189 1868 1230 2069">
    <p class='ocr_par' dir='ltr' id='par_1_4' title="bbox 189 1868 1230 2069">
     <span class='ocr_line' id='line_1_10' title="bbox 190 1868 1229 1969; baseline -0.001 -26"><span class='ocrx_word' id='word_1_57' title='bbox 190 1871 289 1968; x_wconf 91' lang='lat' dir='ltr'><strong>quod</strong></span> <span class='ocrx_word' id='word_1_58' title='bbox 307 1895 459 1969; x_wconf 81' lang='lat' dir='ltr'><strong>magnes</strong></span> <span class='ocrx_word' id='word_1_59' title='bbox 475 1872 615 1946; x_wconf 87' lang='lat' dir='ltr'><strong>ferrum</strong></span> <span class='ocrx_word' id='word_1_60' title='bbox 643 1871 692 1945; x_wconf 88' lang='lat' dir='ltr'><strong>ad</strong></span> <span class='ocrx_word' id='word_1_61' title='bbox 721 1895 761 1945; x_wconf 91' lang='lat' dir='ltr'><strong>se</strong></span> <span class='ocrx_word' id='word_1_62' title='bbox 790 1871 916 1945; x_wconf 85' lang='lat' dir='ltr'><strong>trabit</strong></span> <span class='ocrx_word' id='word_1_63' title='bbox 968 1868 1229 1967; x_wconf 73' lang='lat' dir='ltr'><strong>Respondebit,</strong></span> 
     </span>
     <span class='ocr_line' id='line_1_11' title="bbox 189 1970 1230 2069; baseline -0.01 -22"><span class='ocrx_word' id='word_1_64' title='bbox 189 1997 257 2069; x_wconf 92' lang='lat' dir='ltr'><strong>per</strong></span> <span class='ocrx_word' id='word_1_65' title='bbox 278 1989 463 2064; x_wconf 69' lang='grc' dir='ltr'><strong><em>σνμπαθειαν·</em></strong></span> <span class='ocrx_word' id='word_1_66' title='bbox 485 1973 675 2048; x_wconf 76' lang='lat' dir='ltr'><strong>uuaeruur</strong></span> <span class='ocrx_word' id='word_1_67' title='bbox 702 1995 841 2063; x_wconf 89' lang='lat' dir='ltr'><strong>rursus,</strong></span> <span class='ocrx_word' id='word_1_68' title='bbox 872 1970 1045 2068; x_wconf 86' lang='lat' dir='ltr'><strong>quidest</strong></span> <span class='ocrx_word' id='word_1_69' title='bbox 1070 1984 1230 2063; x_wconf 68' lang='grc' dir='ltr'><strong>συμηωα.</strong></span> 
     </span>
    </p>
   </div>
   <div class='ocr_carea' id='block_1_5' title="bbox 186 2082 1243 4678">
    <p class='ocr_par' dir='ltr' id='par_1_5' title="bbox 189 2082 1236 2523">
     <span class='ocr_line' id='line_1_12' title="bbox 191 2082 1233 2183; baseline -0.002 -24"><span class='ocrx_word' id='word_1_70' title='bbox 191 2085 461 2182; x_wconf 82' lang='lat' dir='ltr'><strong>Respondetur,</strong></span> <span class='ocrx_word' id='word_1_71' title='bbox 492 2086 638 2161; x_wconf 87' lang='lat' dir='ltr'><strong>occulte</strong></span> <span class='ocrx_word' id='word_1_72' title='bbox 671 2085 842 2183; x_wconf 74' lang='lat' dir='ltr'><strong>qualitas.</strong></span> <span class='ocrx_word' id='word_1_73' title='bbox 895 2083 1088 2161; x_wconf 74' lang='lat' dir='ltr'><strong>Quaeritur</strong></span> <span class='ocrx_word' id='word_1_74' title='bbox 1117 2082 1233 2171; x_wconf 85' lang='lat' dir='ltr'><strong>etiam,</strong></span> 
     </span>
     <span class='ocr_line' id='line_1_13' title="bbox 189 2198 1235 2298; baseline -0.003 -24"><span class='ocrx_word' id='word_1_75' title='bbox 189 2200 279 2298; x_wconf 88' lang='lat' dir='ltr'><strong>quid</strong></span> <span class='ocrx_word' id='word_1_76' title='bbox 313 2212 369 2274; x_wconf 88' lang='lat' dir='ltr'><strong>est</strong></span> <span class='ocrx_word' id='word_1_77' title='bbox 403 2201 551 2275; x_wconf 87' lang='lat' dir='ltr'><strong>occulta</strong></span> <span class='ocrx_word' id='word_1_78' title='bbox 581 2200 751 2297; x_wconf 85' lang='lat' dir='ltr'><strong>qualitas.</strong></span> <span class='ocrx_word' id='word_1_79' title='bbox 820 2198 1096 2295; x_wconf 88' lang='lat' dir='ltr'><strong>Respondetur,</strong></span> <span class='ocrx_word' id='word_1_80' title='bbox 1132 2218 1235 2295; x_wconf 85' lang='lat' dir='ltr'><strong>quam</strong></span> 
     </span>
     <span class='ocr_line' id='line_1_14' title="bbox 189 2310 1236 2409; baseline -0.006 -22"><span class='ocrx_word' id='word_1_81' title='bbox 189 2313 384 2387; x_wconf 84' lang='lat' dir='ltr'><strong>nescimus.</strong></span> <span class='ocrx_word' id='word_1_82' title='bbox 454 2313 590 2386; x_wconf 87' lang='lat' dir='ltr'><strong>Nonne</strong></span> <span class='ocrx_word' id='word_1_83' title='bbox 624 2312 672 2385; x_wconf 87' lang='lat' dir='ltr'><strong>ad</strong></span> <span class='ocrx_word' id='word_1_84' title='bbox 705 2312 863 2409; x_wconf 83' lang='lat' dir='ltr'><strong>primam</strong></span> <span class='ocrx_word' id='word_1_85' title='bbox 905 2310 1236 2407; x_wconf 78' lang='lat' dir='ltr'><strong>interrogationem</strong></span> 
     </span>
     <span class='ocr_line' id='line_1_15' title="bbox 189 2426 849 2523; baseline -0.005 -23"><span class='ocrx_word' id='word_1_86' title='bbox 189 2428 320 2500; x_wconf 90' lang='lat' dir='ltr'><strong>melius</strong></span> <span class='ocrx_word' id='word_1_87' title='bbox 339 2451 557 2523; x_wconf 88' lang='lat' dir='ltr'><strong>responsum</strong></span> <span class='ocrx_word' id='word_1_88' title='bbox 574 2440 685 2515; x_wconf 89' lang='lat' dir='ltr'><strong>esset,</strong></span> <span class='ocrx_word' id='word_1_89' title='bbox 699 2426 849 2499; x_wconf 79' lang='lat' dir='ltr'><strong>nescio?</strong></span> 
     </span>
    </p>

    <p class='ocr_par' dir='ltr' id='par_1_6' title="bbox 186 2538 1238 2862">
     <span class='ocr_line' id='line_1_16' title="bbox 243 2538 1237 2627; baseline -0.005 -15"><span class='ocrx_word' id='word_1_90' title='bbox 243 2539 292 2612; x_wconf 93' lang='lat' dir='ltr'><strong>B.</strong></span> <span class='ocrx_word' id='word_1_91' title='bbox 320 2540 476 2613; x_wconf 89' lang='lat' dir='ltr'><strong>Minime</strong></span> <span class='ocrx_word' id='word_1_92' title='bbox 501 2564 600 2613; x_wconf 91' lang='lat' dir='ltr'><strong>sane.</strong></span> <span class='ocrx_word' id='word_1_93' title='bbox 654 2539 715 2612; x_wconf 84' lang='lat' dir='ltr'><strong>Sic</strong></span> <span class='ocrx_word' id='word_1_94' title='bbox 742 2540 840 2613; x_wconf 91' lang='lat' dir='ltr'><strong>enim</strong></span> <span class='ocrx_word' id='word_1_95' title='bbox 868 2540 937 2611; x_wconf 91' lang='lat' dir='ltr'><strong>visi</strong></span> <span class='ocrx_word' id='word_1_96' title='bbox 957 2538 1130 2627; x_wconf 87' lang='lat' dir='ltr'><strong>fuissent,</strong></span> <span class='ocrx_word' id='word_1_97' title='bbox 1160 2559 1237 2609; x_wconf 88' lang='lat' dir='ltr'><strong>cum</strong></span> 
     </span>
     <span class='ocr_line' id='line_1_17' title="bbox 186 2652 1238 2750; baseline -0.005 -25"><span class='ocrx_word' id='word_1_98' title='bbox 186 2655 334 2748; x_wconf 87' lang='lat' dir='ltr'><strong>jactura</strong></span> <span class='ocrx_word' id='word_1_99' title='bbox 347 2653 471 2750; x_wconf 89' lang='lat' dir='ltr'><strong>aliqua</strong></span> <span class='ocrx_word' id='word_1_100' title='bbox 488 2653 725 2727; x_wconf 89' lang='lat' dir='ltr'><strong>authoritatis</strong></span> <span class='ocrx_word' id='word_1_101' title='bbox 754 2676 842 2741; x_wconf 87' lang='lat' dir='ltr'><strong>suae,</strong></span> <span class='ocrx_word' id='word_1_102' title='bbox 860 2652 978 2725; x_wconf 90' lang='lat' dir='ltr'><strong>nihilo</strong></span> <span class='ocrx_word' id='word_1_103' title='bbox 1001 2652 1085 2748; x_wconf 90' lang='lat' dir='ltr'><strong>plus</strong></span> <span class='ocrx_word' id='word_1_104' title='bbox 1117 2671 1238 2747; x_wconf 89' lang='lat' dir='ltr'><strong>sapere</strong></span> 
     </span>
     <span class='ocr_line' id='line_1_18' title="bbox 191 2765 666 2862; baseline 0 -25"><span class='ocrx_word' id='word_1_105' title='bbox 191 2790 301 2862; x_wconf 86' lang='lat' dir='ltr'><strong>quam</strong></span> <span class='ocrx_word' id='word_1_106' title='bbox 314 2765 446 2862; x_wconf 86' lang='lat' dir='ltr'><strong>vulgus</strong></span> <span class='ocrx_word' id='word_1_107' title='bbox 463 2767 666 2840; x_wconf 92' lang='lat' dir='ltr'><strong>hominum.</strong></span> 
     </span>
    </p>

    <p class='ocr_par' dir='ltr' id='par_1_7' title="bbox 190 2877 1241 3067">
     <span class='ocr_line' id='line_1_19' title="bbox 243 2877 1241 2976; baseline -0.004 -24"><span class='ocrx_word' id='word_1_108' title='bbox 243 2879 292 2952; x_wconf 85' lang='lat' dir='ltr'><strong>A.</strong></span> <span class='ocrx_word' id='word_1_109' title='bbox 321 2880 380 2952; x_wconf 92' lang='lat' dir='ltr'><strong>Ita</strong></span> <span class='ocrx_word' id='word_1_110' title='bbox 397 2891 463 2953; x_wconf 90' lang='lat' dir='ltr'><strong>est.</strong></span> <span class='ocrx_word' id='word_1_111' title='bbox 517 2881 775 2976; x_wconf 89' lang='lat' dir='ltr'><strong>Respexerunt</strong></span> <span class='ocrx_word' id='word_1_112' title='bbox 793 2904 882 2974; x_wconf 86' lang='lat' dir='ltr'><strong>ergo</strong></span> <span class='ocrx_word' id='word_1_113' title='bbox 899 2879 947 2953; x_wconf 87' lang='lat' dir='ltr'><strong>ad</strong></span> <span class='ocrx_word' id='word_1_114' title='bbox 972 2877 1079 2967; x_wconf 89' lang='lat' dir='ltr'><strong>utile,</strong></span> <span class='ocrx_word' id='word_1_115' title='bbox 1100 2877 1241 2950; x_wconf 87' lang='lat' dir='ltr'><strong>deserta</strong></span> 
     </span>
     <span class='ocr_line' id='line_1_20' title="bbox 190 2994 397 3067; baseline -0.005 -1"><span class='ocrx_word' id='word_1_116' title='bbox 190 2994 397 3067; x_wconf 88' lang='lat' dir='ltr'><strong>honestate.</strong></span> 
     </span>
    </p>

    <p class='ocr_par' dir='ltr' id='par_1_8' title="bbox 190 3103 1241 3542">
     <span class='ocr_line' id='line_1_21' title="bbox 240 3103 1240 3203; baseline -0.005 -23"><span class='ocrx_word' id='word_1_117' title='bbox 240 3108 289 3183; x_wconf 91' lang='lat' dir='ltr'><strong>B.</strong></span> <span class='ocrx_word' id='word_1_118' title='bbox 318 3108 361 3179; x_wconf 91' lang='lat' dir='ltr'><strong>In</strong></span> <span class='ocrx_word' id='word_1_119' title='bbox 388 3107 541 3203; x_wconf 88' lang='lat' dir='ltr'><strong>politica</strong></span> <span class='ocrx_word' id='word_1_120' title='bbox 564 3118 700 3195; x_wconf 89' lang='lat' dir='ltr'><strong>autem,</strong></span> <span class='ocrx_word' id='word_1_121' title='bbox 720 3107 802 3202; x_wconf 90' lang='lat' dir='ltr'><strong>quis</strong></span> <span class='ocrx_word' id='word_1_122' title='bbox 830 3129 994 3202; x_wconf 91' lang='lat' dir='ltr'><strong>unquam</strong></span> <span class='ocrx_word' id='word_1_123' title='bbox 1022 3116 1113 3178; x_wconf 88' lang='lat' dir='ltr'><strong>ante</strong></span> <span class='ocrx_word' id='word_1_124' title='bbox 1141 3103 1240 3176; x_wconf 91' lang='lat' dir='ltr'><strong>illum</strong></span> 
     </span>
     <span class='ocr_line' id='line_1_22' title="bbox 191 3217 1241 3315; baseline -0.007 -22"><span class='ocrx_word' id='word_1_125' title='bbox 191 3234 337 3294; x_wconf 89' lang='lat' dir='ltr'><strong>tantum</strong></span> <span class='ocrx_word' id='word_1_126' title='bbox 372 3220 523 3292; x_wconf 89' lang='lat' dir='ltr'><strong>summis</strong></span> <span class='ocrx_word' id='word_1_127' title='bbox 551 3219 818 3315; x_wconf 84' lang='lat' dir='ltr'><strong>imperantibus</strong></span> <span class='ocrx_word' id='word_1_128' title='bbox 850 3220 945 3314; x_wconf 87' lang='lat' dir='ltr'><strong>juris</strong></span> <span class='ocrx_word' id='word_1_129' title='bbox 981 3217 1167 3307; x_wconf 83' lang='lat' dir='ltr'><strong>attribuit,</strong></span> <span class='ocrx_word' id='word_1_130' title='bbox 1202 3226 1241 3286; x_wconf 92' lang='lat' dir='ltr'><strong>nt</strong></span> 
     </span>
     <span class='ocr_line' id='line_1_23' title="bbox 190 3330 1241 3430; baseline -0.008 -23"><span class='ocrx_word' id='word_1_131' title='bbox 190 3334 368 3430; x_wconf 89' lang='lat' dir='ltr'><strong>quiequid</strong></span> <span class='ocrx_word' id='word_1_132' title='bbox 386 3335 438 3406; x_wconf 87' lang='lat' dir='ltr'><strong>illi</strong></span> <span class='ocrx_word' id='word_1_133' title='bbox 452 3334 643 3429; x_wconf 87' lang='lat' dir='ltr'><strong>jusserint,</strong></span> <span class='ocrx_word' id='word_1_134' title='bbox 662 3358 706 3406; x_wconf 93' lang='lat' dir='ltr'><strong>eo</strong></span> <span class='ocrx_word' id='word_1_135' title='bbox 724 3335 805 3428; x_wconf 92' lang='lat' dir='ltr'><strong>ipso</strong></span> <span class='ocrx_word' id='word_1_136' title='bbox 824 3332 925 3429; x_wconf 92' lang='lat' dir='ltr'><strong>quod</strong></span> <span class='ocrx_word' id='word_1_137' title='bbox 954 3332 1147 3427; x_wconf 89' lang='lat' dir='ltr'><strong>jusserint,</strong></span> <span class='ocrx_word' id='word_1_138' title='bbox 1166 3330 1241 3403; x_wconf 90' lang='lat' dir='ltr'><strong>sine</strong></span> 
     </span>
     <span class='ocr_line' id='line_1_24' title="bbox 190 3446 470 3542; baseline -0.004 -25"><span class='ocrx_word' id='word_1_139' title='bbox 190 3447 326 3542; x_wconf 89' lang='lat' dir='ltr'><strong>injuria</strong></span> <span class='ocrx_word' id='word_1_140' title='bbox 343 3458 440 3519; x_wconf 90' lang='lat' dir='ltr'><strong>esset</strong></span> <span class='ocrx_word' id='word_1_141' title='bbox 458 3446 470 3516; x_wconf 86' lang='lat'>?</span> 
     </span>
    </p>

    <p class='ocr_par' dir='ltr' id='par_1_9' title="bbox 191 3553 1243 3880">
     <span class='ocr_line' id='line_1_25' title="bbox 243 3553 1241 3655; baseline -0.008 -22"><span class='ocrx_word' id='word_1_142' title='bbox 243 3560 292 3633; x_wconf 85' lang='grc' dir='ltr'><strong>Α.</strong></span> <span class='ocrx_word' id='word_1_143' title='bbox 320 3561 400 3632; x_wconf 91' lang='lat' dir='ltr'><strong>Imo</strong></span> <span class='ocrx_word' id='word_1_144' title='bbox 431 3583 529 3649; x_wconf 88' lang='lat' dir='ltr'><strong>vero,</strong></span> <span class='ocrx_word' id='word_1_145' title='bbox 553 3583 636 3655; x_wconf 87' lang='lat' dir='ltr'><strong>quae</strong></span> <span class='ocrx_word' id='word_1_146' title='bbox 664 3559 794 3631; x_wconf 85' lang='lat' dir='ltr'><strong>civitas</strong></span> <span class='ocrx_word' id='word_1_147' title='bbox 817 3582 982 3655; x_wconf 90' lang='lat' dir='ltr'><strong>unquam</strong></span> <span class='ocrx_word' id='word_1_148' title='bbox 1014 3559 1155 3646; x_wconf 84' lang='lat' dir='ltr'><strong>extitit,</strong></span> <span class='ocrx_word' id='word_1_149' title='bbox 1182 3553 1241 3627; x_wconf 92' lang='lat' dir='ltr'><strong>nbi</strong></span> 
     </span>
     <span class='ocr_line' id='line_1_26' title="bbox 192 3669 1243 3769; baseline -0.003 -25"><span class='ocrx_word' id='word_1_150' title='bbox 192 3695 335 3744; x_wconf 91' lang='lat' dir='ltr'><strong>summo</strong></span> <span class='ocrx_word' id='word_1_151' title='bbox 353 3673 548 3769; x_wconf 88' lang='lat' dir='ltr'><strong>imperanti</strong></span> <span class='ocrx_word' id='word_1_152' title='bbox 564 3673 684 3745; x_wconf 92' lang='lat' dir='ltr'><strong>minus</strong></span> <span class='ocrx_word' id='word_1_153' title='bbox 698 3672 792 3767; x_wconf 89' lang='lat' dir='ltr'><strong>juris</strong></span> <span class='ocrx_word' id='word_1_154' title='bbox 805 3695 1021 3745; x_wconf 83' lang='lat' dir='ltr'><strong>eoncessum</strong></span> <span class='ocrx_word' id='word_1_155' title='bbox 1040 3671 1123 3745; x_wconf 84' lang='lat' dir='ltr'><strong>est?</strong></span> <span class='ocrx_word' id='word_1_156' title='bbox 1151 3669 1243 3743; x_wconf 81' lang='lat' dir='ltr'><strong>civi·</strong></span> 
     </span>
     <span class='ocr_line' id='line_1_27' title="bbox 191 3781 1240 3880; baseline -0.006 -22"><span class='ocrx_word' id='word_1_157' title='bbox 191 3786 278 3858; x_wconf 86' lang='lat' dir='ltr'><strong>tatis</strong></span> <span class='ocrx_word' id='word_1_158' title='bbox 297 3786 473 3859; x_wconf 87' lang='lat' dir='ltr'><strong>Romanae</strong></span> <span class='ocrx_word' id='word_1_159' title='bbox 491 3786 686 3880; x_wconf 90' lang='lat' dir='ltr'><strong>imperium</strong></span> <span class='ocrx_word' id='word_1_160' title='bbox 700 3808 883 3857; x_wconf 88' lang='lat' dir='ltr'><strong>summum</strong></span> <span class='ocrx_word' id='word_1_161' title='bbox 895 3785 977 3880; x_wconf 90' lang='lat' dir='ltr'><strong>quis</strong></span> <span class='ocrx_word' id='word_1_162' title='bbox 991 3787 1078 3880; x_wconf 86' lang='lat' dir='ltr'><strong>jure</strong></span> <span class='ocrx_word' id='word_1_163' title='bbox 1091 3781 1240 3858; x_wconf 82' lang='lat' dir='ltr'><strong>habuit?</strong></span> 
     </span>
    </p>

    <p class='ocr_par' dir='ltr' id='par_1_10' title="bbox 191 3897 1242 4334">
     <span class='ocr_line' id='line_1_28' title="bbox 242 3897 1241 3994; baseline -0.005 -23"><span class='ocrx_word' id='word_1_164' title='bbox 242 3899 291 3971; x_wconf 91' lang='lat' dir='ltr'><strong>B.</strong></span> <span class='ocrx_word' id='word_1_165' title='bbox 319 3899 405 3993; x_wconf 90' lang='lat' dir='ltr'><strong>Ipsa</strong></span> <span class='ocrx_word' id='word_1_166' title='bbox 422 3897 571 3993; x_wconf 89' lang='lat' dir='ltr'><strong>quidem</strong></span> <span class='ocrx_word' id='word_1_167' title='bbox 590 3898 719 3971; x_wconf 87' lang='lat' dir='ltr'><strong>civitas</strong></span> <span class='ocrx_word' id='word_1_168' title='bbox 735 3921 892 3994; x_wconf 87' lang='lat' dir='ltr'><strong>semper.</strong></span> <span class='ocrx_word' id='word_1_169' title='bbox 929 3897 1104 3971; x_wconf 88' lang='lat' dir='ltr'><strong>Civitatis</strong></span> <span class='ocrx_word' id='word_1_170' title='bbox 1122 3908 1241 3970; x_wconf 90' lang='lat' dir='ltr'><strong>autem</strong></span> 
     </span>
     <span class='ocr_line' id='line_1_29' title="bbox 192 4010 1242 4107; baseline -0.005 -23"><span class='ocrx_word' id='word_1_171' title='bbox 192 4035 325 4085; x_wconf 90' lang='lat' dir='ltr'><strong>munus</strong></span> <span class='ocrx_word' id='word_1_172' title='bbox 356 4011 605 4107; x_wconf 88' lang='lat' dir='ltr'><strong>exequebatur</strong></span> <span class='ocrx_word' id='word_1_173' title='bbox 633 4010 745 4084; x_wconf 91' lang='lat' dir='ltr'><strong>modo</strong></span> <span class='ocrx_word' id='word_1_174' title='bbox 776 4034 884 4099; x_wconf 71' lang='lat' dir='ltr'><strong>unus</strong></span> <span class='ocrx_word' id='word_1_175' title='bbox 909 4010 1023 4085; x_wconf 92' lang='lat' dir='ltr'><strong>modo</strong></span> <span class='ocrx_word' id='word_1_176' title='bbox 1055 4012 1175 4095; x_wconf 88' lang='lat' dir='ltr'><strong>alius;</strong></span> <span class='ocrx_word' id='word_1_177' title='bbox 1207 4019 1242 4079; x_wconf 93' lang='lat' dir='ltr'><strong>et</strong></span> 
     </span>
     <span class='ocr_line' id='line_1_30' title="bbox 192 4123 1241 4221; baseline -0.003 -23"><span class='ocrx_word' id='word_1_178' title='bbox 192 4138 280 4221; x_wconf 89' lang='lat' dir='ltr'><strong>post</strong></span> <span class='ocrx_word' id='word_1_179' title='bbox 296 4125 551 4220; x_wconf 88' lang='lat' dir='ltr'><strong>Tarquinium,</strong></span> <span class='ocrx_word' id='word_1_180' title='bbox 570 4137 657 4197; x_wconf 90' lang='lat' dir='ltr'><strong>ante</strong></span> <span class='ocrx_word' id='word_1_181' title='bbox 670 4124 866 4212; x_wconf 82' lang='lat' dir='ltr'><strong>Caesarem,</strong></span> <span class='ocrx_word' id='word_1_182' title='bbox 886 4125 1048 4197; x_wconf 85' lang='lat' dir='ltr'><strong>Senatus</strong></span> <span class='ocrx_word' id='word_1_183' title='bbox 1066 4123 1241 4220; x_wconf 79' lang='lat' dir='ltr'><strong>Populus</strong></span> 
     </span>
     <span class='ocr_line' id='line_1_31' title="bbox 191 4240 483 4334; baseline -0.003 -22"><span class='ocrx_word' id='word_1_184' title='bbox 191 4264 263 4334; x_wconf 90' lang='lat' dir='ltr'><strong>que</strong></span> <span class='ocrx_word' id='word_1_185' title='bbox 282 4240 483 4312; x_wconf 89' lang='lat' dir='ltr'><strong>Romanus.</strong></span> 
     </span>
    </p>

    <p class='ocr_par' dir='ltr' id='par_1_11' title="bbox 191 4350 1243 4678">
     <span class='ocr_line' id='line_1_32' title="bbox 243 4350 1243 4449; baseline -0.006 -22"><span class='ocrx_word' id='word_1_186' title='bbox 243 4354 291 4427; x_wconf 83' lang='grc' dir='ltr'><strong>Α.</strong></span> <span class='ocrx_word' id='word_1_187' title='bbox 320 4353 498 4449; x_wconf 80' lang='lat' dir='ltr'><strong>Legistiu&#39;</strong></span> <span class='ocrx_word' id='word_1_188' title='bbox 527 4377 703 4449; x_wconf 88' lang='lat' dir='ltr'><strong>unquam,</strong></span> <span class='ocrx_word' id='word_1_189' title='bbox 723 4352 823 4449; x_wconf 92' lang='lat' dir='ltr'><strong>quod</strong></span> <span class='ocrx_word' id='word_1_190' title='bbox 852 4352 982 4426; x_wconf 87' lang='lat' dir='ltr'><strong>Romae</strong></span> <span class='ocrx_word' id='word_1_191' title='bbox 1011 4376 1082 4449; x_wconf 90' lang='lat' dir='ltr'><strong>pro</strong></span> <span class='ocrx_word' id='word_1_192' title='bbox 1111 4350 1243 4449; x_wconf 88' lang='lat' dir='ltr'><strong>injuria</strong></span> 
     </span>
     <span class='ocr_line' id='line_1_33' title="bbox 191 4465 1242 4563; baseline -0.001 -27"><span class='ocrx_word' id='word_1_193' title='bbox 191 4465 357 4540; x_wconf 88' lang='lat' dir='ltr'><strong>habitum</strong></span> <span class='ocrx_word' id='word_1_194' title='bbox 386 4468 445 4556; x_wconf 88' lang='lat' dir='ltr'><strong>sit,</strong></span> <span class='ocrx_word' id='word_1_195' title='bbox 475 4466 576 4563; x_wconf 90' lang='lat' dir='ltr'><strong>quod</strong></span> <span class='ocrx_word' id='word_1_196' title='bbox 601 4466 647 4539; x_wconf 89' lang='lat' dir='ltr'><strong>de</strong></span> <span class='ocrx_word' id='word_1_197' title='bbox 675 4467 753 4539; x_wconf 89' lang='lat' dir='ltr'><strong>cive</strong></span> <span class='ocrx_word' id='word_1_198' title='bbox 785 4467 952 4539; x_wconf 85' lang='lat' dir='ltr'><strong>Romano</strong></span> <span class='ocrx_word' id='word_1_199' title='bbox 990 4465 1242 4542; x_wconf 86' lang='lat' dir='ltr'><strong>constituisset</strong></span> 
     </span>
     <span class='ocr_line' id='line_1_34' title="bbox 194 4580 838 4678; baseline 0 -27"><span class='ocrx_word' id='word_1_200' title='bbox 194 4580 351 4655; x_wconf 84' lang='lat' dir='ltr'><strong>Senatus</strong></span> <span class='ocrx_word' id='word_1_201' title='bbox 370 4582 605 4678; x_wconf 88' lang='lat' dir='ltr'><strong>Populusque</strong></span> <span class='ocrx_word' id='word_1_202' title='bbox 625 4581 838 4655; x_wconf 85' lang='lat' dir='ltr'><strong>Romanus?</strong></span> 
     </span>
    </p>
   </div>
   <div class='ocr_carea' id='block_1_6' title="bbox 0 0 1316 5092">
    <p class='ocr_par' dir='ltr' id='par_1_12' title="bbox 0 0 1316 5092">
     <span class='ocr_line' id='line_1_35' title="bbox 0 0 1316 5092; baseline 0 0"><span class='ocrx_word' id='word_1_203' title='bbox 0 0 1316 5092; x_wconf 95' lang='lat' dir='ltr'><strong> </strong></span> 
     </span>
    </p>
   </div>
  </div>
 </body>
</html>
