2618 5092
271 678 590 733 msrnnusrron
610 678 855 731 tranianum.
1011 661 1080 739 ¹73

97 844 137 917 A.
162 844 354 919 Hactenus
381 855 560 917 tractatus
590 842 652 916 De
684 840 833 942 Angulo
865 842 1080 933 Coniectare,
1117 869 1251 913 numan

60 982 149 1055 quem
172 958 275 1032 vides
303 957 468 1056 ejusdem
493 980 572 1031 esse
597 957 726 1030 farinae
756 981 840 1030 oum
866 981 977 1055 opere
1002 961 1082 1055 ejus
1123 955 1252 1053 ,ζ’-

60 1073 270 1147 arithmetioo
287 1073 447 1169 integro.

101 1185 142 1260 B.
167 1184 452 1282 Progrediamur
483 1208 573 1282 ergo
607 1183 656 1257 ad
690 1195 891 1258 tractatum
922 1184 968 1257 de
996 1182 1084 1255 See·

62 1298 198 1372 tionibus
225 1298 389 1387 Carsicis,
407 1297 471 1393 qui
495 1296 735 1393 distinguitur
764 1297 803 1371 in
834 1309 909 1371 tres
937 1309 1083 1392 partes;

63 1435 194 1507 quarum
224 1411 345 1509 prima
373 1410 593 1507 prooemium
615 1411 726 1483 habet
751 1423 791 1484 et
816 1410 1085 1506 propositiones

63 1523 194 1620 viginti:
234 1523 410 1615 secunda,
445 1525 714 1621 propositiones
747 1524 879 1621 viginti
913 1535 950 1597 et
984 1535 1083 1596 tres:

63 1638 162 1723 tertia,
185 1636 457 1734 propositiones
480 1661 557 1710 sex.
613 1637 657 1710 In
687 1636 866 1733 prooemio
892 1636 975 1734 plus
1000 1660 1086 1731 pro-

63 1749 158 1824 nittit
175 1773 285 1847 quam
303 1761 388 1847 post
408 1761 573 1845 praestat.
613 1749 797 1845 Supponit
813 1761 938 1823 autem
955 1772 1088 1845 propo-

63 1862 130 1936 sitio
150 1863 281 1960 prima,
297 1861 456 1959 planam
479 1860 664 1959 quodlibet
690 1863 846 1957 emptori
868 1888 915 1935 ex
932 1860 1087 1956 infinitis

60 1973 415 2073 parallelogrammis
435 1972 653 2071 aequalibus,
670 1998 821 2071 qaorum
844 1974 990 2073 quidem
1016 1973 1086 2044 ain·

62 2085 214 2182 gslorum
223 2086 387 2161 altitudo
397 2087 448 2160 sil
461 2086 576 2159 totius
588 2085 800 2160 altitudinis
806 2109 907 2184 pora
918 2085 1089 2182 aliquota

64 2197 183 2295 §aaa
191 2224 332 2300 parva.
364 2201 558 2290 Praetereo,
573 2200 674 2298 quod
689 2201 719 2273 si
731 2200 883 2295 planum
896 2198 1089 2295 parallelo-

64 2333 248 2407 grammum
279 2335 356 2385 non
386 2312 448 2401 sit,
483 2312 636 2385 conflari
663 2335 708 2384 ax
739 2310 1089 2408 parallelogrammis

65 2445 123 2497 uon
137 2436 270 2522 potest.
323 2424 507 2497 Praetereo
531 2425 633 2513 item,
654 2423 755 2520 quod
778 2425 928 2521 planum
944 2424 1091 2498 finitum

65 2558 101 2609 ex
118 2537 267 2612 infinitis
291 2535 642 2634 parallelogrammis
670 2537 824 2611 conflari
849 2562 925 2610 non
955 2548 1091 2634 potest.

66 2647 117 2723 llle
131 2666 254 2726 autem
273 2651 345 2724 hoc
366 2650 485 2723 voluit
507 2651 660 2725 conflari
682 2651 833 2747 planum
865 2675 910 2725 ex
938 2649 1093 2723 infinitis

66 2785 200 2839 nurnero
213 2763 590 2863 parallelogrammis;
617 2762 716 2836 idem
751 2777 886 2862 putans
910 2787 989 2837 esse
1011 2763 1093 2835 infi-

66 2875 130 2951 nita
143 2877 499 2975 parallelogramma,
514 2886 553 2950 et
568 2876 713 2950 infinita
730 2901 884 2951 numero
900 2876 1094 2973 parallelo-

66 3009 225 3082 gramma.
291 2988 337 3063 Id
370 2988 471 3086 qnod
503 2999 633 3063 notare
667 2989 762 3078 volo,
795 2990 866 3062 hoe
896 3000 963 3079 est,
994 2986 1094 3084 quod

67 3115 234 3201 supponat
259 3111 402 3200 partem
428 3101 589 3199 aliquam
615 3101 816 3196 aliquotam
843 3125 922 3174 esse
951 3100 1093 3172 infinite

67 3237 223 3311 parvam
240 3240 328 3289 nam
342 3224 398 3288 est
411 3214 657 3288 contradictio
668 3214 706 3287 iu
720 3214 878 3311 adjecto,
888 3237 964 3287 non
975 3213 1094 3285 minor

68 3350 162 3425 qnam
178 3330 211 3404 si
228 3328 311 3426 quis
328 3328 469 3402 diceret
494 3351 644 3401 curvam
669 3327 829 3422 aliquam
854 3327 989 3399 lineam
1017 3349 1096 3399 esse

68 3456 204 3518 rectam.
258 3442 352 3515 Cum
370 3441 468 3515 enim
492 3441 583 3514 dieis
608 3451 751 3537 partem
774 3440 989 3537 aliquotam,
1008 3438 1099 3513 dicit

68 3558 300 3650 quantitatem
333 3554 373 3628 in
407 3555 634 3650 quantitates
670 3554 889 3628 divisibilem
918 3565 1098 3649 perpetuo

69 3664 264 3744 divisibiles.
301 3668 340 3741 Si
359 3691 448 3764 ergo
465 3691 551 3764 pars
568 3667 733 3763 aliquota
749 3667 798 3741 sit
814 3667 957 3740 infinite
973 3691 1099 3764 parva,

69 3782 126 3856 erit
141 3782 206 3857 illa
220 3780 326 3855 nihil.
377 3780 427 3853 Et
444 3781 531 3877 quia
546 3804 633 3877 pars
657 3780 822 3877 aliquota
840 3780 888 3854 ad
905 3792 1027 3855 totum
1045 3792 1102 3854 est

70 3906 102 3967 ut
126 3919 240 3970 unum
266 3893 316 3968 ad
341 3917 548 3982 numerum,
575 3893 646 3969 erit
676 3917 833 3990 quoqne,
861 3904 904 3967 ut
931 3893 1024 3967 nihil
1053 3894 1101 3967 ad

72 4008 314 4100 quantitatem,
331 4006 386 4079 ita
401 4005 524 4080 unitas
541 4005 590 4078 ad
612 4029 816 4080 numerum.
870 4007 1005 4081 Nonne
1029 4007 1100 4080 hoc

73 4138 159 4216 sque
175 4118 377 4194 absurdum
395 4128 462 4207 est,
478 4143 523 4192 ac
548 4117 640 4192 illud
657 4118 786 4211 elavit,
806 4121 966 4193 transiri
986 4143 1103 4216 poree

73 4233 243 4306 aminare
269 4230 325 4305 ad
345 4232 478 4327 majus,
501 4255 567 4304 neo
593 4240 714 4307 tomen
733 4257 809 4330 per
826 4231 1002 4331 equale?
1053 4233 1102 4304 Et

75 4344 173 4421 nulto
203 4342 321 4442 magia
351 4343 552 4418 absurdum
587 4368 696 4441 quam
726 4345 802 4420 ulla
830 4357 896 4421 aut
926 4344 1101 4438 Scaligeri

78 4459 258 4549 conclusio,
275 4468 340 4532 aut
357 4458 530 4532 Orontii?

117 4573 160 4649 Α.
185 4573 245 4647 Ita
274 4582 342 4647 est.
402 4571 532 4669 Neque
562 4583 663 4647 reete
694 4572 784 4646 dicit
815 4581 1101 4647 consentaneum
