2618 5092
273 682 598 737 MATHEMATICAE
618 682 863 735 Ronlanum.
1021 669 1088 733 135

70 846 135 919 inm
148 856 183 921 ct
198 848 479 922 detractionem
495 873 564 920 non
583 872 664 921 eoae
681 849 843 946 proprie
865 847 1091 921 additionem
1123 875 1269 917 nranooos

70 970 94 1031 et
105 960 432 1044 abstractionem·
455 961 547 1059 quio
560 959 672 1049 alica,
683 961 805 1058 inquit
821 961 921 1034 idem
932 960 1090 1051 Clavius,
1130 958 1269 1060 ᾧ

70 1084 140 1146 earet
156 1085 270 1148 totam
288 1073 435 1172 ecquale
447 1074 569 1173 porti,
589 1084 627 1148 et
643 1075 789 1156 minos:
816 1083 853 1147 et
866 1076 987 1170 major
996 1098 1091 1171 pro-

65 1188 165 1282 portio
178 1199 313 1286 posset
331 1187 485 1262 detrahi
501 1213 550 1261 en
569 1187 720 1260 minore.
773 1188 879 1277 Quae,
906 1199 948 1261 ut
965 1187 1092 1260 viden-

69 1311 113 1372 tur
137 1301 198 1390 illi,
228 1300 407 1390 absurda,
441 1300 607 1398 pluribus
638 1302 814 1398 exemplis
842 1325 888 1375 ex
919 1302 1091 1398 opinione

68 1415 228 1488 contraria
245 1413 403 1489 deducit
422 1413 487 1510 (ad
503 1416 615 1487 finem
632 1414 688 1486 El.
707 1415 777 1508 ix).

102 1525 142 1599 B.
168 1527 431 1602 Nescientibus
458 1526 611 1600 rationis
638 1527 787 1624 maj0ris
816 1525 865 1599 ad
894 1527 1028 1615 minus,
1052 1526 1091 1599 id

66 1650 117 1728 est,
132 1641 352 1735 quantitatis
369 1638 418 1712 ad
434 1640 693 1735 quantitatem,
720 1650 890 1713 naturam
909 1640 1092 1713 diversam

65 1755 328 1828 assentatione
345 1754 498 1827 minoris
515 1752 563 1826 ad
580 1755 710 1849 majus,
730 1752 769 1826 id
789 1765 856 1838 est,
874 1753 1092 1849 privationis

64 1866 264 1961 quantitatis
282 1865 334 1939 ad
348 1864 593 1961 privationem
612 1865 839 1959 quantitatis,
867 1877 906 1938 et
932 1864 1093 1937 mediam

62 1978 144 2053 inter
159 1992 358 2076 utramque
375 2002 454 2052 esse
471 1979 656 2051 rationem
679 1978 886 2075 aequalium,
914 1977 1004 2050 satis
1030 1979 1093 2050 ab·

62 2094 156 2167 surde
179 2106 291 2168 sonat
315 2094 494 2189 majorem
520 2092 703 2165 rationem
731 2116 754 2164 a
781 2092 921 2165 minore
948 2091 1094 2163 detrahi

61 2230 166 2301 posse,
183 2219 222 2282 et
239 2220 360 2282 totam
378 2207 559 2280 rationem
577 2206 742 2302 ejusdem
755 2221 861 2302 parte
879 2229 957 2279 esse
974 2206 1094 2279 mino-

61 2342 138 2395 rem.
189 2320 265 2396 Sed
290 2321 323 2393 si
345 2318 578 2394 considerare
605 2319 743 2393 vellent
770 2319 871 2416 quod
897 2319 960 2415 qui
989 2319 1094 2392 addit

61 2433 244 2527 privationi
258 2433 516 2530 privationem,
534 2434 778 2529 quantitatem
795 2433 885 2506 facit
901 2435 1095 2523 minorem,

63 2549 173 2644 etqui
199 2547 447 2645 privationem
469 2571 492 2619 a
516 2546 723 2643 privatione
753 2547 928 2634 detrahit,
952 2548 1097 2642 quanti-

62 2670 162 2733 tatem
178 2660 271 2734 facit
287 2661 489 2756 majorem
515 2660 623 2733 facile
648 2659 722 2732 dici
749 2660 891 2733 ferrent
913 2661 1094 2734 rationem

62 2775 227 2870 majorem
239 2797 263 2847 a
275 2773 430 2861 minore,
445 2785 483 2846 et
496 2785 614 2845 totam
627 2797 649 2845 a
663 2784 769 2869 parte
780 2797 889 2869 posse
903 2775 1082 2849 subtrahi.

103 2888 149 2961 A.
174 2888 338 2976 Erravit,
356 2887 445 2975 scio,
464 2885 663 2975 Wallisius,
682 2886 747 2960 sed
774 2911 858 2960 cum
883 2886 1096 2962 doctissimo

65 2999 197 3074 Clario:
217 3000 433 3075 doctissimo
451 2998 600 3095 quidem
609 2999 633 3071 J
635 3000 849 3087 esuitarum,
861 3012 899 3073 et
915 3002 1096 3097 scriptore

64 3113 444 3188 omninmsaeculorum
456 3112 749 3208 diligentissimo.
773 3113 960 3186 Wallisius
972 3126 1096 3186 autem

64 3248 137 3317 non,
155 3243 198 3300 ut
215 3227 289 3316 ille,
303 3225 565 3322 quaesibundus
583 3226 730 3314 erravit,
742 3226 808 3298 sed
824 3250 986 3299 errorem
999 3228 1096 3301 illius

63 3341 222 3437 amplecti
231 3341 323 3414 satis
337 3339 478 3429 habuit,
490 3340 674 3436 quomodo
688 3340 928 3435 quaerendum
942 3341 1096 3416 ulterius

63 3469 146 3528 esset
175 3456 365 3551 ignorans.
418 3454 595 3526 Attamen
625 3454 797 3542 obtinuit,
827 3455 937 3527 etiam
966 3467 1097 3528 contra

62 3567 273 3641 sententiam
291 3565 419 3654 Clavii,
442 3578 486 3639 nt
512 3577 664 3640 vocetur
692 3568 909 3663 compositio
929 3569 1094 3660 rationis,

61 3692 201 3778 propter
230 3680 306 3752 vim
341 3678 453 3752 credo
480 3679 591 3752 etiam
618 3680 718 3753 intus
741 3680 891 3753 latentis
917 3683 1094 3773 veritatis,

60 3794 197 3868 additio
218 3792 344 3890 potius
365 3815 476 3888 quam
500 3790 775 3889 mnitipdicatio.
832 3795 905 3868 Sed
932 3795 971 3868 id
997 3821 1095 3893 aegre

59 3905 120 3980 fert
136 3906 348 3989 Wallisins;
376 3904 613 4002 quincentum
629 3915 698 3994 eat,
716 3906 849 4002 iuquit,
868 3910 1096 4005 qviantitntec

60 4017 199 4094 invicem
217 4016 477 4116 multiplicari,
496 4041 567 4090 non
585 4017 704 4092 addi:
724 4021 827 4115 quasi
845 4021 997 4112 diceret,
1009 4024 1096 4119 qnia

59 4132 266 4232 compositio
282 4131 466 4204 notionum
479 4132 534 4226 fit
553 4155 629 4227 pen
651 4131 994 4230 multiplicationem
1020 4144 1096 4207 ter-

59 4245 238 4334 minorum,
261 4266 357 4342 ergo
381 4242 599 4340 compositio
623 4243 809 4317 rationum
834 4257 892 4319 eet
918 4245 1098 4342 onoltipl‘-

60 4357 363 4432 rationationem.
416 4355 546 4450 Itaque
568 4355 679 4452 paulo
697 4369 793 4452 post,
825 4356 1097 4456 designandam

60 4481 172 4546 odem
190 4469 328 4560 malim,
343 4468 474 4566 inquit,
490 4479 701 4567 permotam
721 4495 743 4538 κ
759 4470 1096 4570 multiplicationis,
