2618 5092
207 654 283 723 400
535 664 929 723 consummantum.

549 954 802 1011 ruopertum
820 954 918 1009 vul.

21 1108 107 1151 nor
117 1106 184 1148 vm.
269 1083 418 1187 Viginti
437 1084 595 1184 quinque
610 1084 804 1185 quadrata
820 1107 847 1158 a
863 1082 995 1183 quinta
1011 1092 1135 1183 porte
1149 1104 1247 1157 orere

26 1176 276 1275 ἱ”“”””Βο
297 1198 357 1273 vel
377 1208 493 1273 rectae
508 1197 574 1287 GI,
589 1196 749 1297 aqualia
771 1206 858 1273 m
874 1196 1001 1273 decen
1017 1196 1249 1297 quadroliro

211 1336 318 1387 semt-
294 1309 431 1385 radio
448 1310 527 1387 00.

262 1426 361 1499 Nam
386 1424 521 1522 viginti
547 1424 711 1522 quinque
737 1420 921 1521 quadrata
946 1446 972 1499 a
998 1422 1134 1521 quinta
1156 1432 1250 1520 porte

211 1562 320 1619 arcus
336 1536 412 1623 Bc,
428 1536 585 1634 aqualia
601 1550 689 1611 suut
705 1535 887 1633 quadrato
913 1536 963 1611 ab
989 1536 1075 1633 ipso
1091 1560 1180 1610 arcu
1195 1534 1249 1607 Bc

210 1652 289 1729 sire
305 1676 329 1725 a
343 1662 448 1727 rectu
463 1650 528 1741 GI,
551 1649 594 1725 id
619 1662 677 1723 est
706 1650 791 1747 (per
811 1648 1107 1746 precedentem)
1135 1648 1250 1723 decem

212 1764 403 1863 quadratis
429 1789 454 1838 a
479 1762 696 1839 semi-radio
722 1762 809 1837 002
833 1762 906 1853 rel,
936 1760 1041 1860 quod
1067 1762 1169 1835 idem
1194 1771 1251 1847 est,

212 1878 461 1979 quadraginta
477 1876 667 1974 quadratis
683 1900 708 1951 a
722 1886 855 1973 quarta
871 1890 978 1971 parte
1004 1876 1135 1951 lateris
1151 1872 1224 1949 AC.

265 1990 406 2067 Coroll.
422 1990 450 2066 i.
475 1990 615 2065 Decem
636 1988 818 2089 quadrata
833 2012 857 2063 a
872 1990 1004 2085 quinta
1025 2000 1136 2087 parte
1155 2010 1252 2062 arom

213 2102 278 2181 Bc
290 2100 1175 2201 suutoequaliuquutuorquadratisasemi-rudio
1187 2098 1253 2187 00,

213 2218 255 2293 id
270 2228 339 2307 est,
356 2216 427 2315 ipsi
443 2215 627 2315 quadrato
643 2215 691 2291 ab
709 2213 793 2291 Ac:
819 2216 907 2312 quia
925 2226 985 2291 eut
1006 2227 1053 2291 ut
1069 2224 1120 2289 25
1137 2212 1187 2289 ud
1204 2221 1253 2299 10,
1291 2234 1296 2243 ’

216 2330 271 2405 ita
292 2337 337 2405 10
354 2328 403 2403 ad
420 2338 458 2403 4.

269 2441 408 2517 tomo.
426 2442 465 2515 ii.
495 2440 602 2531 Item,
634 2439 856 2537 quadratum
889 2464 914 2515 a
946 2439 1094 2515 duabus
1126 2438 1253 2538 quintis

215 2579 324 2631 arcus
342 2552 404 2629 Bo
423 2553 564 2650 aequale
582 2565 640 2626 est
659 2552 840 2648 quadrato
857 2553 906 2626 ab
923 2552 1004 2626 Ae:
1032 2553 1123 2652 quia
1143 2566 1199 2627 est
1219 2566 1255 2625 ut

214 2676 263 2743 25
282 2667 330 2741 ad
352 2676 409 2754 10,
421 2668 476 2740 ita
498 2674 541 2742 10
559 2664 608 2740 ad
624 2675 661 2756 4,
675 2676 714 2741 ει
729 2679 817 2739 sunt
832 2688 940 2739 arcus
958 2664 1037 2758 Βο,
1049 2667 1177 2742 radius
1186 2665 1255 2755 At,

215 2792 254 2857 et
271 2792 373 2853 rectu
390 2779 447 2853 Ae
465 2778 642 2854 continue
658 2778 967 2876 proportionales.

274 2891 409 2969 coroa.
428 2892 479 2966 iii.
506 2892 614 2981 Item,
627 2914 734 2964 areos
747 2890 965 2988 quadrantis
983 2891 1164 2989 descripti
1180 2890 1256 2966 aGi

216 3019 260 3081 ut
276 3006 580 3095 semi-diametro,
597 3005 749 3101 aequalis
766 3016 823 3079 est
835 3005 1032 3102 quintupio
1051 3005 1256 3080 semi-radio

218 3120 294 3195 00.
347 3118 580 3194 Quadratum
609 3119 708 3191 enim
734 3118 781 3192 ab
799 3116 865 3193 AO
892 3119 942 3192 ad
968 3119 1195 3215 quadratum
1215 3118 1256 3191 ab

217 3257 306 3309 arou
319 3230 381 3307 BC
395 3242 451 3305 est
462 3240 541 3304 ιιιι
556 3230 603 3303 ad
624 3238 680 3320 10,
694 3232 788 3305 ratio
801 3244 927 3304 autem
940 3242 963 3304 4
978 3231 1028 3304 ad
1047 3240 1092 3308 10
1106 3232 1257 3306 semissis

219 3359 276 3420 est
302 3344 559 3442 subduplicata
585 3344 740 3418 rationis
764 3354 785 3416 4
814 3344 862 3418 ad
889 3354 950 3418 25.
1005 3345 1135 3421 Quare
1161 3368 1258 3419 arcus

219 3459 427 3555 descriptus
443 3483 467 3531 a
479 3456 527 3532 Gi
543 3457 614 3531 erit
630 3457 727 3531 latus
745 3458 915 3554 quadrati
933 3459 1035 3554 quod
1053 3472 1110 3533 est
1127 3459 1258 3557 aequale

218 3573 352 3669 viginti
379 3573 542 3668 quinque
571 3570 760 3667 quadratis
782 3594 805 3644 a
827 3571 1044 3645 semi-radio
1071 3573 1154 3647 00:
1181 3573 1259 3671 quia

219 3685 441 3784 quadratum
455 3686 502 3758 ab
517 3682 595 3774 ΑΟ,
607 3696 646 3758 et
656 3683 880 3780 quadratum
891 3708 914 3757 a
924 3684 982 3775 Gi,
994 3696 1033 3759 et
1043 3687 1259 3782 quadratum

219 3798 455 3896 aquintuplu
472 3798 549 3882 CO,
566 3809 652 3871 suut
669 3798 845 3871 continue
856 3799 1168 3895 proportionales.

273 3910 411 3985 Coroll.
428 3911 477 3984 iv.
506 3912 612 3999 Item,
637 3911 831 4008 quintupla
853 3912 929 4002 CO,
958 3924 1063 3987 recta
1085 3914 1147 4005 Gi,
1166 3926 1260 3987 recta

220 4027 297 4117 CG,
315 4038 418 4101 rectu
432 4024 500 4115 Αε,
514 4036 552 4098 et
564 4021 600 4119 ἦ
611 4025 706 4099 radii
722 4024 799 4115 Au,
813 4039 900 4099 sunt
917 4026 1096 4102 continue
1112 4051 1260 4127 propor-

218 4140 388 4215 tionales.
439 4138 608 4213 Quorum
635 4139 733 4212 enim
760 4138 808 4212 Gi
828 4150 953 4236 potest
980 4150 1042 4231 25,
1066 4141 1260 4215 eorundem

221 4252 286 4328 Ao
304 4265 427 4351 potest
449 4262 505 4327 10.
541 4253 708 4327 Quorum
726 4277 816 4349 ergo
831 4251 896 4327 Ac
913 4264 1039 4351 potest
1055 4265 1118 4344 25,
1137 4278 1260 4330 eorun-

220 4364 305 4438 dem
323 4366 381 4438 Ae
396 4376 521 4462 potest
544 4374 600 4439 10.
650 4366 718 4438 Est
735 4388 824 4462 ergo
843 4365 900 4439 Ae
916 4366 1043 4441 media
1059 4367 1260 4468 proportio

219 4478 314 4551 nalis
340 4479 437 4552 inter
467 4477 533 4553 Ac
567 4491 606 4553 et
633 4479 725 4553 duas
755 4480 903 4577 quintus
937 4480 1119 4576 ejusdem.
1169 4483 1259 4578 Ergo

220 4590 414 4687 quintupla
431 4592 507 4681 00,
525 4604 628 4666 rectu
646 4590 704 4680 Gi,
723 4603 795 4667 eto.
