2618 5092
237 134 555 188 MATHEMATICAE
577 132 820 183 HODIERNAE.
993 119 1060 181 159

61 305 110 377 sius
122 317 237 378 autem
251 304 291 378 id
308 303 493 400 negando,
511 302 720 399 imperitum
738 323 777 372 se
805 297 967 372 ostendit
992 298 1058 370 lin·
1096 323 1246 366 annosus

60 440 116 512 gne
129 419 273 504 Graecae,
286 419 400 492 etiam
418 418 497 512 ejus
514 440 587 513 qna
612 424 767 487 utuntur
793 424 1003 508 geometrae,
1021 425 1064 484 ut
1109 407 1248 509 „L

61 531 201 605 nverbis
224 534 272 605 ab
295 533 379 627 ipso
402 530 564 604 recitatis
586 528 819 664 manifestum
845 538 911 614 est,
928 542 960 596 ot
986 541 1064 611 λέγει

62 642 366 720 ὁιίἕΰολόγοιτῦὲνοο
319 643 606 710 ενόδιπὰσεὶσςλωι
607 643 721 711 tenir
720 649 852 716 atroam
878 645 943 718 γὰρ,
944 640 1067 698 *ἄλλα

62 764 322 837 satiantes
323 760 546 820 δΰοδιπαὶωλσ
514 761 607 819 ans-ts·
591 747 771 836 ςὶ·ἰι1εεῐ,
784 744 1068 818 nondicitdaas

62 861 195 935 rationes
211 863 418 936 animasse
435 859 585 957 duplas,
602 859 704 957 quod
716 871 838 932 tamen
856 869 915 932 est
931 883 1067 948 verum,

62 973 294 1048 mirationem
320 998 368 1046 ex
397 971 542 1047 duabus
571 972 809 1072 compositam
838 995 921 1044 esse
944 970 1069 1069 dupli-

63 1096 164 1160 mam.

97 1199 138 1273 B.
161 1200 248 1273 Non
264 1199 383 1295 capio.
433 1197 573 1271 Vellem
590 1197 775 1295 professor
796 1209 922 1271 noster
949 1206 1072 1270 osten·

63 1310 152 1386 disset
163 1336 278 1409 qnare
296 1310 380 1385 dnae
397 1311 556 1384 rationes
573 1310 732 1407 aeqnales
759 1310 970 1406 composita
997 1333 1073 1383 non

63 1423 176 1500 fminnt
192 1426 376 1499 rationem
399 1423 507 1496 unius
536 1423 697 1519 duplam,
714 1436 752 1497 et
780 1447 892 1520 quare
922 1422 1074 1517 duplum

63 1538 159 1635 simpli
170 1563 245 1613 non
261 1539 312 1612 sit
325 1536 491 1634 ejusdem
508 1537 629 1633 simpli
647 1536 884 1633 duplicatum.

98 1653 141 1727 Α.
165 1652 240 1727 Sed
255 1653 388 1727 harum
404 1673 537 1724 vocum
567 1649 680 1724 niinm
707 1673 852 1724 sensum
882 1672 959 1723 esse
987 1648 1075 1721 dicit

63 1766 140 1861 apud
153 1764 446 1840 mathematicos.

101 1878 143 1953 B.
168 1878 305 1953 Credo.

99 1992 142 2066 A.
164 1993 213 2066 iit
226 2015 310 2089 ego,
324 1991 394 2064 etsi
410 2013 484 2065 non
500 2014 656 2087 semper,
672 2002 796 2064 tamen
813 1991 1013 2087 sepissime
1026 1990 1079 2063 ita

66 2125 137 2179 esee.
184 2105 228 2179 ld
241 2103 344 2203 qnod
364 2127 410 2177 ex
430 2128 474 2178 eo
492 2103 659 2199 contigit,
683 2104 793 2200 qnod,
812 2117 854 2178 nt
882 2104 957 2178 dixi
983 2116 1080 2192 ante,

65 2236 123 2290 mn
136 2219 213 2293 ansi
229 2226 316 2292 sunt
333 2215 513 2289 rationem
530 2215 681 2288 minoris
695 2216 743 2289 ad
760 2217 916 2290 mediam
931 2216 1080 2314 duplam

65 2349 127 2404 me
142 2330 262 2404 dicere
278 2328 435 2402 rationis
452 2327 614 2423 ejusdem
633 2329 784 2402 minoris
797 2331 844 2403 ad
871 2332 1080 2404 maximam.

66 2440 141 2517 Qua
170 2456 295 2518 tamen
329 2440 582 2537 magnitudine
617 2440 728 2538 dupla
758 2454 826 2532 est,
859 2467 1080 2538 quamquam

66 2575 197 2631 numero
220 2556 405 2631 rationum
437 2553 611 2639 dimidia;
637 2569 680 2628 ut
704 2557 799 2629 ratio
823 2565 835 2629 l
857 2556 945 2629 sd2
971 2554 1083 2651 dupla

15 2694 17 2699 ·
15 2681 111 2742 et
127 2670 278 2746 rationis
299 2678 314 2742 l
337 2667 423 2742 adt
454 2667 670 2763 quantitate,
687 2669 756 2741 etsi
782 2681 922 2756 contra,
945 2667 1076 2740 ratio}

14 2772 18 2821 ¹
67 2781 136 2859 nis
153 2783 266 2881 dupla
286 2783 347 2871 sit,
364 2782 395 2855 si
422 2791 566 2878 spectes
590 2782 775 2855 rationum
804 2805 1018 2855 numerum.
1044 2781 1084 2854 id

14 2897 259 3028 'quodsaepe
271 2896 363 2971 alies
379 2894 467 2983 dixi,
484 2895 669 2984 nimirum,
681 2895 719 2969 in
736 2896 937 2970 rationibus
965 2895 1084 2968 mino-

14 2938 18 3085 i
67 3008 164 3085 rissd
186 3012 377 3108 maj0rem,
395 3032 478 3104 quae
494 3020 581 3082 sunt
603 3009 764 3082 rationes
796 3009 972 3097 defectus,
990 3009 1084 3082 mni-

14 3090 228 3218 tipiiaatio
263 3123 449 3197 rationum
484 3121 727 3218 quantitatem
755 3122 907 3196 rationis
941 3122 1085 3211 minuit,

14 3174 17 3295 i
69 3232 179 3312 divisio
202 3247 326 3333 anget.
377 3233 532 3323 Deinde,
545 3232 646 3330 quod
658 3234 889 3330 Meybomins
912 3235 1013 3326 dicit,
1042 3237 1087 3309 Si

69 3348 233 3424 :mmm
247 3346 470 3447 magnitudo
479 3347 532 3420 sit
541 3345 788 3445 exploranda,
803 3347 874 3421 itta
887 3351 1007 3445 major
1017 3359 1086 3439 est,

71 3463 157 3556 cnjus
173 3460 322 3537 mini
348 3458 497 3558 lougius
514 3458 613 3532 inter
628 3458 837 3550 sedissent,
862 3461 994 3536 falsum
1011 3474 1087 3536 est:

71 3592 140 3649 mm
159 3587 174 3651 l
195 3575 280 3650 adss
300 3574 477 3670 majorem
489 3573 602 3646 habet
611 3573 794 3647 rationem
811 3597 921 3670 quam
939 3586 954 3650 l
976 3575 1024 3648 ad
1042 3585 1088 3657 43

73 3702 276 3764 cantamen
292 3686 441 3763 termini
463 3695 569 3761 leti
592 3686 739 3781 longius
762 3687 859 3761 inter
884 3711 922 3763 se
952 3688 1091 3761 distent

76 3818 166 3892 quam
186 3811 201 3877 l
225 3814 263 3876 et
286 3811 322 3876 2.
375 3799 485 3876 Quod
511 3800 622 3875 etiam
634 3800 729 3874 vidit
746 3801 943 3876 Wallisius.
996 3801 1092 3873 Rur-

365 4052 383 4088 ⁸
406 4045 456 4107 Sie
469 4045 548 4106 Edit.
567 4048 644 4105 1660
656 4056 686 4107 et
703 4050 788 4107 1668.
