2618 5092
337 636 518 691 CURATIO
540 637 733 708 SPHAEM,
752 637 841 692 ΕΤΟ.
1036 626 1102 691 521

66 799 166 896 quod
183 825 319 875 nomen
337 826 460 877 meum
481 829 654 902 magnum
672 815 740 894 est,
758 804 858 903 quod
878 804 916 878 in
940 804 1011 878 illis
1033 831 1107 879 non
1201 837 1211 875 r

65 923 135 986 est.
188 915 328 1012 ltaque,
342 916 593 1012 judicantibus
606 919 693 992 viris
709 919 835 992 liberis
847 918 1107 1016 prudentibus·
1121 917 1211 1038 Ρὲζξέ

65 1051 148 1123 que,
165 1027 305 1102 victum
331 1053 370 1103 se
396 1054 474 1104 esse
500 1033 708 1105 confitetur.
761 1031 834 1106 Sed
858 1030 957 1105 unde
974 1032 1108 1105 accidit
1146 1070 1211 1089 »-

63 1153 107 1214 ut
125 1141 325 1232 Professor,
340 1143 403 1239 qui
417 1167 551 1217 nomen
568 1168 690 1218 meum
707 1168 882 1242 magnum
897 1168 976 1218 esse
988 1155 1106 1242 putat,

64 1278 174 1329 suum
191 1279 270 1329 esse
287 1280 363 1330 non
380 1268 499 1352 putat,
518 1282 602 1331 cum
628 1259 738 1332 toties
764 1283 822 1333 me
839 1259 1105 1356 prostraverit?

65 1369 365 1465 Conquereretur
381 1369 478 1444 forte
492 1370 538 1444 de
552 1372 762 1467 ignorantia
774 1372 1031 1468 judicantium.
1057 1374 1108 1445 At

64 1504 132 1554 cur
142 1505 217 1555 non
228 1506 404 1578 magnum
416 1507 548 1557 nomen
562 1485 675 1558 habet
686 1486 746 1558 ille
761 1485 860 1583 apud
871 1486 1107 1583 algebristas?

64 1594 164 1669 Quia
179 1595 403 1692 impossibile
421 1609 512 1671 erat.
549 1599 644 1672 Sunt
657 1600 754 1672 enim
774 1624 901 1673 omnes
919 1600 995 1673 fere
1012 1600 1108 1671 inter

63 1732 102 1782 se
120 1709 290 1806 aquales.
342 1711 436 1800 imo,
454 1724 541 1785 sunt
557 1713 655 1786 inter
673 1712 753 1786 illos
770 1712 883 1809 aliqui
902 1714 965 1810 qui
982 1713 1106 1786 celeri·

28 1840 32 1848 '
62 1833 140 1897 tate
158 1822 298 1919 ingenii
316 1823 567 1899 Professorem
592 1825 701 1922 longe
724 1839 910 1921 superant,
929 1835 966 1898 et
991 1827 1106 1898 multo

62 1936 185 2032 plures
203 1937 377 2010 veritates
395 1936 432 2010 in
451 1938 582 2012 eodem
607 1950 774 2035 tempore
800 1962 910 2036 quam
934 1938 995 2011 ille
1020 1963 1106 2011 con-

61 2048 181 2122 futare
202 2064 370 2147 possunt.

113 2164 309 2238 Quomodo
328 2175 451 2238 autem
477 2162 723 2239 necessarium
742 2173 833 2253 erat,
851 2163 889 2236 in
904 2163 1106 2261 quaestione

61 2279 335 2368 mathematica,
353 2278 552 2352 admonere
566 2301 787 2375 quemquam
806 2277 927 2375 qualia
929 2277 1106 2375 fuerim?

61 2391 194 2464 Dicere
212 2391 328 2488 qualis
344 2391 490 2480 fuerim,
509 2415 585 2465 nou
602 2403 660 2464 est
677 2413 811 2464 meum.
864 2390 939 2466 Qui
955 2414 1107 2464 couver-

61 2504 203 2577 satione
220 2528 303 2578 mea
330 2505 386 2578 usi
411 2518 499 2579 sunt
518 2505 743 2601 frequenter,
760 2503 814 2577 illi
838 2502 976 2578 dicant.
1028 2505 1107 2598 Ego

61 2616 182 2691 dicam
214 2627 369 2708 tautum,
400 2618 518 2717 qualis
548 2641 623 2691 non
653 2617 800 2691 fuerim.
853 2616 996 2691 Bellum
1028 2631 1109 2691 erat

61 2731 189 2806 civile:
207 2755 276 2828 ego
294 2731 518 2827 inpartibus
536 2743 668 2805 contra
684 2756 810 2829 regem
835 2755 1024 2828 uunquam
1041 2731 1107 2804 fui.

60 2847 140 2943 Ego
158 2846 396 2942 epistolarum
414 2869 533 2943 neque
547 2845 658 2941 regis,
670 2869 789 2941 neque
807 2847 1022 2942 cujusquam
1044 2846 1107 2941 qui

60 2982 181 3055 arege
198 2959 311 3045 stetit,
323 2983 459 3032 arcana
476 2960 604 3056 aperui
615 2970 680 3033 aut
692 2959 849 3033 inimicis
865 2958 1023 3056 prodidi.
1064 2960 1107 3031 In

60 3073 142 3169 lege
160 3072 364 3145 Amnestiae
389 3096 472 3168 quae
500 3085 656 3169 sequuta
681 3085 749 3159 est,
776 3072 957 3167 flagitium
983 3096 1106 3145 meum

60 3183 203 3257 nullum
223 3184 448 3257 nominatur.
499 3185 579 3281 Ego
600 3184 703 3259 illum
721 3208 796 3258 non
814 3183 997 3258 lacessivi:
1025 3197 1106 3256 tan-

60 3295 252 3370 tummodo
283 3295 469 3391 respondi,
499 3296 554 3370 ita
582 3308 625 3370 ut
658 3309 980 3384 commoveretur3
1006 3298 1107 3390 quod

60 3410 244 3507 flagitium
257 3420 413 3483 nonest.
441 3409 687 3508 Conqueritur
700 3409 798 3483 sicut
813 3433 918 3506 puer,
931 3411 1018 3506 quia
1031 3433 1107 3482 non

59 3524 191 3597 vincit:
221 3547 306 3596 cum
330 3535 453 3597 tamen
483 3522 676 3619 suiipsius
700 3522 809 3619 culpa
832 3522 893 3611 sit,
912 3523 1012 3618 quod
1031 3547 1105 3597 non

59 3635 229 3710 videatur
264 3638 388 3711 multis
424 3660 503 3710 esse
538 3635 682 3709 doctus.
747 3636 929 3710 Ausculta
966 3639 1105 3735 poncia,

59 3752 92 3825 0
107 3748 296 3825 Professor
311 3750 553 3826 Academiae!
594 3751 634 3823 Si
653 3749 708 3823 vis
726 3774 804 3824 esse
822 3751 974 3847 aliquid,
988 3752 1046 3823 sac
1064 3766 1105 3825 ut

59 3888 142 3961 quae
170 3863 298 3937 scribis
328 3888 350 3937 a
378 3863 654 3962 quamplurimis
685 3863 953 3960 intelligantur.
1007 3865 1104 3937 Cave

60 4002 149 4073 ergo
161 4003 184 4051 a
194 3976 535 4075 Symbolographia,
547 3977 617 4051 nisi
630 3975 757 4076 siqua*
771 3976 942 4050 omnibus
954 3978 1105 4071 cognita

59 4089 183 4163 fuerit.
228 4090 338 4164 Utilis
351 4090 504 4163 fortasse
519 4113 597 4163 esse
610 4101 734 4188 potest
748 4091 815 4163 tihi
830 4089 900 4188 ipsi
913 4089 953 4162 in
966 4114 1103 4163 musaeo

59 4218 147 4277 tuo:
175 4204 296 4277 sedin
314 4203 464 4302 populo,
482 4214 521 4275 et
538 4216 644 4276 extra
660 4217 797 4276 sectam
823 4214 927 4276 tuam
951 4203 1101 4295 (sectam

59 4317 143 4391 dico
178 4317 489 4410 mathematicam)
521 4315 780 4390 incantationis
814 4330 853 4391 et
888 4314 1103 4414 imposturae

439 4571 455 4604 ⁴*
478 4568 526 4628 Sic
540 4569 609 4628 edit.
628 4572 712 4629 1669.

158 4684 250 4736 VOL.
267 4685 323 4736 lv.
