2618 5092
225 664 299 733 346
507 648 1004 732 naonnnrmrnrnr'srea.

41 874 169 917 ensem
225 844 1256 945 ἱᾶθεζθὶιιιςιιΙιιεΕΟΑηΙὼοιὶμωΜΜ

19 944 1218 1061 ΜΤΜοιοᾱοιειᾱίιιείτοιίηΙίιιωΰῃωιηΙωιΙίια.

19 1067 214 1125 'mm
275 1074 1257 1173 B.Tard1usoertetanto1rot,quommue
1294 1032 1301 1185 {

225 1187 345 1284 magis
360 1186 593 1263 contrarius.
619 1185 686 1264 sed
701 1186 807 1263 neria
827 1186 1035 1263 lateraliter
1048 1186 1257 1263 tardiurihit
1296 1192 1301 1263 1

224 1300 501 1401 quamcredis.
551 1292 1301 1405 Nammomsadlatmdump

224 1426 336 1488 sunt.
363 1437 519 1510 quarum
549 1414 669 1489 altera
691 1426 751 1491 est
765 1424 900 1489 ventus
914 1414 981 1489 ille
996 1436 1066 1513 qm
1050 1412 1237 1489 'ineiiiit'
1225 1432 1301 1489 ιι

223 1526 346 1623 ipsum
371 1526 470 1601 latua
495 1526 623 1615 naris·
648 1527 769 1602 altera
782 1536 842 1603 eet
855 1525 931 1601 reli
944 1524 1257 1605 annaneane

223 1639 656 1737 rumeauserumprima
676 1638 1258 1739 nihilfereeffieitquiapundm

224 1752 447 1849 aqnaequod
463 1752 621 1827 alatere
644 1752 751 1828 naris
771 1752 1259 1851 propellendumestmri·

223 1888 326 1939 mum
350 1874 426 1940 est:
451 1864 616 1940 secunda
640 1877 785 1941 motum
808 1866 915 1941 naris
935 1864 978 1941 in
1002 1864 1259 1943 nuteriumii

224 1990 404 2075 quantum
420 1978 589 2075 impedit.

273 2092 323 2165 A.
352 2090 465 2167 Quod
494 2090 600 2165 navis
625 2103 752 2165 motus
776 2088 952 2183 lateralis,
977 2092 1054 2167 nisi
1078 2093 1120 2167 in
1137 2090 1259 2189 loup'r·

223 2204 317 2279 sima
350 2204 599 2302 navigatione,
633 2227 710 2279 nou
747 2202 908 2280 multum
947 2204 1134 2303 impediet
1166 2204 1259 2281 nee

223 2318 413 2393 concedet
439 2318 506 2393 sed
524 2318 597 2393 veli
625 2317 872 2393 sinuationem
902 2317 1119 2395 aeeelerare
1145 2342 1258 2395 narem

223 2432 376 2523 credidi,
393 2433 517 2530 potius
534 2456 645 2530 quam
661 2431 853 2530 impedire.

273 2545 323 2619 B.
349 2546 464 2620 Error
475 2558 544 2620 est.
581 2546 679 2620 Nam
689 2545 865 2643 impedit:
882 2545 1008 2619 miuus
1018 2558 1150 2621 tamen
1161 2568 1258 2642 qnan-

222 2657 422 2732 deventus
439 2683 463 2732 a
479 2682 603 2755 puppe
620 2659 748 2753 spirat

272 2772 323 2847 A.
348 2771 506 2846 Videtur
519 2796 621 2868 ergo,
633 2772 666 2845 si
683 2771 811 2846 tabula
826 2770 952 2868 aliqua
967 2772 1059 2861 lata,
1072 2770 1259 2864 eademque

222 2886 356 2977 tennis,
374 2910 442 2983 pro
459 2886 542 2960 velo
558 2896 671 2959 vento
689 2885 970 2973 obtenderetur,
985 2885 1259 2959 commodiorem

221 2995 321 3073 fore:
346 3000 433 3096 quia
449 2999 571 3073 miuus
588 3000 757 3072 sinuatur
774 3021 885 3094 quam
902 2998 1030 3071 velum
1047 3022 1096 3072 ex
1112 2999 1199 3072 lino.

275 3112 324 3186 B.
351 3111 444 3186 Vela
465 3113 589 3208 lignea
608 3124 700 3208 quot
720 3109 957 3185 incommoda
973 3133 1106 3185 seeum
1122 3111 1260 3185 allatum

223 3237 324 3316 sunt,
346 3224 454 3300 facile
483 3224 679 3323 providere
704 3223 803 3313 lieet,
830 3224 944 3298 etiam
967 3224 1112 3321 absque
1135 3220 1260 3320 experi-

222 3341 334 3413 entia.
385 3340 589 3435 Expertum
619 3350 744 3411 tamen
768 3336 845 3411 vidi
872 3337 912 3411 iu
929 3337 1014 3412 velo
1035 3337 1164 3435 ligneo
1185 3331 1259 3432 quid

222 3453 367 3526 efficere
383 3465 517 3526 ventus
533 3463 671 3549 potest.
707 3451 795 3524 Vidi
812 3450 912 3524 enim
928 3450 1100 3525 tabulam
1116 3453 1259 3547 lignem

222 3580 382 3661 quatuor
400 3566 592 3639 trochiscis
608 3564 829 3661 impositam,
848 3562 943 3637 etin
966 3563 1094 3637 medio
1111 3566 1189 3660 ejus
1203 3583 1259 3658 pro

222 3678 319 3751 malo
349 3693 512 3752 erectum
538 3678 722 3766 baculum,
750 3691 790 3751 et
816 3677 949 3750 baculo
983 3677 1137 3752 affixam
1165 3676 1258 3749 alian

221 3792 386 3865 tabulam
413 3793 529 3865 instar
545 3791 618 3864 veli
633 3822 643 3874 ;
669 3801 780 3886 atque
801 3790 856 3863 itu
877 3788 1115 3880 collocatam,
1132 3801 1174 3864 ut
1188 3811 1258 3861 ven·

220 3916 282 3978 tus
299 3905 337 3977 iu
361 3928 443 3978 eam
471 3905 652 3978 incideret
681 3903 957 4000 obliquissime;
988 3927 1138 4001 nempe,
1155 3904 1193 3976 iu
1207 3924 1259 3974 au

220 4017 309 4114 gulo
326 4018 444 4091 multo
457 4018 599 4091 minore
609 4041 720 4115 qnam
737 4027 795 4090 est
811 4016 969 4114 angulus
986 4016 1027 4090 in
1040 4015 1257 4114 praecedente

220 4134 341 4228 figura
357 4132 475 4220 ACE,
493 4131 533 4204 id
550 4141 619 4220 est,
636 4132 690 4205 ita
705 4143 749 4204 ut
770 4144 867 4205 esset
892 4131 933 4204 in
956 4131 1034 4205 situ
1055 4132 1108 4206 ad
1123 4144 1256 4206 ventum

219 4244 297 4319 sere
314 4245 515 4319 contrario.
556 4245 700 4319 Tabula
716 4245 797 4319 haee
814 4267 899 4318 cnm
912 4243 997 4319 velo
1011 4268 1082 4320 sno
1095 4245 1214 4342 ligneo
1227 4240 1255 4312 iu

219 4358 431 4455 pavimento
449 4358 517 4431 sub
536 4358 610 4446 dio,
629 4358 793 4455 spirante
809 4367 921 4430 vento
949 4357 1143 4452 mediocri,
1160 4354 1254 4431 colle

220 4482 304 4545 eata
321 4483 388 4547 est.
426 4470 558 4546 Evenit
571 4483 709 4560 autem,
719 4482 763 4546 ut
778 4470 900 4569 primo
914 4469 1073 4547 immota
1089 4470 1253 4570 paulisper
