<?xml version="1.0" encoding="UTF-8"?>
<!DOCTYPE html PUBLIC "-//W3C//DTD XHTML 1.0 Transitional//EN"
    "http://www.w3.org/TR/xhtml1/DTD/xhtml1-transitional.dtd">
<html xmlns="http://www.w3.org/1999/xhtml" xml:lang="en" lang="en">
 <head>
  <title>
</title>
<meta http-equiv="Content-Type" content="text/html;charset=utf-8" />
  <meta name='ocr-system' content='tesseract 3.04.00' />
  <meta name='ocr-capabilities' content='ocr_page ocr_carea ocr_par ocr_line ocrx_word'/>
</head>
<body>
  <div class='ocr_page' id='page_1' title='image "./thomhobbesmalme03hobbgoog_0170.png"; bbox 0 0 2618 5092; ppageno 0'>
   <div class='ocr_carea' id='block_1_1' title="bbox 300 662 1109 727">
    <p class='ocr_par' dir='ltr' id='par_1_1' title="bbox 300 662 1109 727">
     <span class='ocr_line' id='line_1_1' title="bbox 300 662 1109 727; baseline 0.006 -5"><span class='ocrx_word' id='word_1_1' title='bbox 300 667 616 725; x_wconf 74' lang='lat' dir='ltr'><strong>usrunnsrrcm</strong></span> <span class='ocrx_word' id='word_1_2' title='bbox 635 674 881 727; x_wconf 72' lang='lat' dir='ltr'><strong>noornnnn.</strong></span> <span class='ocrx_word' id='word_1_3' title='bbox 1040 662 1109 727; x_wconf 82' lang='lat'><strong>155</strong></span> 
     </span>
    </p>
   </div>
   <div class='ocr_carea' id='block_1_2' title="bbox 33 831 1260 4553">
    <p class='ocr_par' dir='ltr' id='par_1_2' title="bbox 99 831 1260 1157">
     <span class='ocr_line' id='line_1_2' title="bbox 104 831 1260 939; baseline 0.007 -32"><span class='ocrx_word' id='word_1_4' title='bbox 104 831 248 925; x_wconf 84' lang='lat' dir='ltr'><strong>bolomm,</strong></span> <span class='ocrx_word' id='word_1_5' title='bbox 274 834 387 911; x_wconf 77' lang='lat' dir='ltr'><strong>facile</strong></span> <span class='ocrx_word' id='word_1_6' title='bbox 408 838 552 913; x_wconf 84' lang='lat' dir='ltr'><strong>fallunt.</strong></span> <span class='ocrx_word' id='word_1_7' title='bbox 603 840 744 939; x_wconf 90' lang='lat' dir='ltr'><strong>Neque,</strong></span> <span class='ocrx_word' id='word_1_8' title='bbox 771 843 802 915; x_wconf 88' lang='lat' dir='ltr'><strong>si</strong></span> <span class='ocrx_word' id='word_1_9' title='bbox 830 864 905 915; x_wconf 94' lang='lat' dir='ltr'><strong>non</strong></span> <span class='ocrx_word' id='word_1_10' title='bbox 931 841 1110 931; x_wconf 90' lang='lat' dir='ltr'><strong>fallerent,</strong></span> <span class='ocrx_word' id='word_1_11' title='bbox 1147 866 1260 909; x_wconf 72' lang='lat' dir='ltr'><strong>omos</strong></span> 
     </span>
     <span class='ocr_line' id='line_1_3' title="bbox 101 946 1260 1051; baseline 0.008 -32"><span class='ocrx_word' id='word_1_12' title='bbox 101 946 265 1044; x_wconf 87' lang='lat' dir='ltr'><strong>quiequam</strong></span> <span class='ocrx_word' id='word_1_13' title='bbox 287 949 456 1024; x_wconf 83' lang='lat' dir='ltr'><strong>valerent</strong></span> <span class='ocrx_word' id='word_1_14' title='bbox 485 954 648 1049; x_wconf 87' lang='lat' dir='ltr'><strong>symbola</strong></span> <span class='ocrx_word' id='word_1_15' title='bbox 673 955 743 1027; x_wconf 88' lang='lat' dir='ltr'><strong>nisi</strong></span> <span class='ocrx_word' id='word_1_16' title='bbox 770 954 819 1027; x_wconf 93' lang='lat' dir='ltr'><strong>ad</strong></span> <span class='ocrx_word' id='word_1_17' title='bbox 848 954 1111 1029; x_wconf 81' lang='lat' dir='ltr'>obscuritatem</span> <span class='ocrx_word' id='word_1_18' title='bbox 1150 949 1260 1051; x_wconf 50' lang='lat' dir='ltr'><strong>„Eg</strong></span> 
     </span>
     <span class='ocr_line' id='line_1_4' title="bbox 99 1059 706 1157; baseline 0.012 -24"><span class='ocrx_word' id='word_1_19' title='bbox 99 1059 205 1157; x_wconf 84' lang='lat' dir='ltr'><strong>alioqui</strong></span> <span class='ocrx_word' id='word_1_20' title='bbox 220 1061 434 1136; x_wconf 85' lang='lat' dir='ltr'><strong>clarissimis</strong></span> <span class='ocrx_word' id='word_1_21' title='bbox 450 1064 706 1140; x_wconf 83' lang='lat' dir='ltr'><strong>inducendam.</strong></span> 
     </span>
    </p>

    <p class='ocr_par' dir='ltr' id='par_1_3' title="bbox 95 1173 1112 1499">
     <span class='ocr_line' id='line_1_5' title="bbox 132 1173 1112 1274; baseline 0.002 -26"><span class='ocrx_word' id='word_1_22' title='bbox 132 1173 335 1272; x_wconf 75' lang='lat' dir='ltr'><strong>Sequuntur</strong></span> <span class='ocrx_word' id='word_1_23' title='bbox 354 1176 479 1273; x_wconf 91' lang='lat' dir='ltr'><strong>Caput</strong></span> <span class='ocrx_word' id='word_1_24' title='bbox 506 1179 595 1267; x_wconf 84' lang='lat' dir='ltr'><strong>xliii,</strong></span> <span class='ocrx_word' id='word_1_25' title='bbox 613 1178 660 1252; x_wconf 90' lang='lat' dir='ltr'><strong>de</strong></span> <span class='ocrx_word' id='word_1_26' title='bbox 687 1179 909 1252; x_wconf 85' lang='lat' dir='ltr'><strong>fractionum</strong></span> <span class='ocrx_word' id='word_1_27' title='bbox 937 1178 1112 1274; x_wconf 90' lang='lat' dir='ltr'><strong>multipli-</strong></span> 
     </span>
     <span class='ocr_line' id='line_1_6' title="bbox 97 1287 1111 1388; baseline 0.002 -27"><span class='ocrx_word' id='word_1_28' title='bbox 97 1287 214 1362; x_wconf 81' lang='lat' dir='ltr'><strong>catione</strong></span> <span class='ocrx_word' id='word_1_29' title='bbox 230 1300 272 1362; x_wconf 88' lang='lat' dir='ltr'><strong>et</strong></span> <span class='ocrx_word' id='word_1_30' title='bbox 295 1288 487 1380; x_wconf 83' lang='lat' dir='ltr'><strong>divisione,</strong></span> <span class='ocrx_word' id='word_1_31' title='bbox 502 1306 538 1365; x_wconf 85' lang='lat' dir='ltr'><strong>et</strong></span> <span class='ocrx_word' id='word_1_32' title='bbox 564 1292 685 1388; x_wconf 83' lang='lat' dir='ltr'><strong>Caput</strong></span> <span class='ocrx_word' id='word_1_33' title='bbox 712 1292 798 1380; x_wconf 85' lang='lat' dir='ltr'>xliv,</span> <span class='ocrx_word' id='word_1_34' title='bbox 817 1291 862 1364; x_wconf 91' lang='lat' dir='ltr'><strong>de</strong></span> <span class='ocrx_word' id='word_1_35' title='bbox 887 1291 1111 1364; x_wconf 81' lang='lat' dir='ltr'><strong>fractionum</strong></span> 
     </span>
     <span class='ocr_line' id='line_1_7' title="bbox 95 1398 1110 1499; baseline 0.001 -25"><span class='ocrx_word' id='word_1_36' title='bbox 95 1398 368 1488; x_wconf 67' lang='lat' dir='ltr'><strong>rducfionibu83</strong></span> <span class='ocrx_word' id='word_1_37' title='bbox 394 1403 433 1477; x_wconf 92' lang='lat' dir='ltr'><strong>in</strong></span> <span class='ocrx_word' id='word_1_38' title='bbox 454 1404 585 1499; x_wconf 89' lang='lat' dir='ltr'><strong>quibus</strong></span> <span class='ocrx_word' id='word_1_39' title='bbox 602 1416 645 1478; x_wconf 91' lang='lat' dir='ltr'><strong>ut</strong></span> <span class='ocrx_word' id='word_1_40' title='bbox 671 1404 762 1477; x_wconf 90' lang='lat' dir='ltr'><strong>nihil</strong></span> <span class='ocrx_word' id='word_1_41' title='bbox 778 1403 921 1494; x_wconf 86' lang='lat' dir='ltr'><strong>falsum,</strong></span> <span class='ocrx_word' id='word_1_42' title='bbox 940 1405 993 1476; x_wconf 92' lang='lat' dir='ltr'><strong>ita</strong></span> <span class='ocrx_word' id='word_1_43' title='bbox 1018 1403 1110 1476; x_wconf 91' lang='lat' dir='ltr'><strong>nihil</strong></span> 
     </span>
    </p>

    <p class='ocr_par' dir='ltr' id='par_1_4' title="bbox 33 1515 1110 1613">
     <span class='ocr_line' id='line_1_8' title="bbox 33 1515 1110 1613; baseline 0.003 -27"><span class='ocrx_word' id='word_1_44' title='bbox 33 1578 36 1607; x_wconf 78' lang='grc'>,</span> <span class='ocrx_word' id='word_1_45' title='bbox 94 1530 202 1586; x_wconf 79' lang='lat' dir='ltr'><strong>uorum</strong></span> <span class='ocrx_word' id='word_1_46' title='bbox 219 1515 436 1611; x_wconf 87' lang='lat' dir='ltr'><strong>reperimus,</strong></span> <span class='ocrx_word' id='word_1_47' title='bbox 453 1539 571 1613; x_wconf 88' lang='lat' dir='ltr'><strong>neque</strong></span> <span class='ocrx_word' id='word_1_48' title='bbox 588 1518 627 1589; x_wconf 90' lang='lat' dir='ltr'><strong>in</strong></span> <span class='ocrx_word' id='word_1_49' title='bbox 651 1516 910 1590; x_wconf 89' lang='lat' dir='ltr'><strong>demonstratis</strong></span> <span class='ocrx_word' id='word_1_50' title='bbox 933 1539 1053 1612; x_wconf 90' lang='lat' dir='ltr'><strong>neque</strong></span> <span class='ocrx_word' id='word_1_51' title='bbox 1071 1517 1110 1589; x_wconf 90' lang='lat' dir='ltr'><strong>in</strong></span> 
     </span>
    </p>

    <p class='ocr_par' dir='ltr' id='par_1_5' title="bbox 33 1622 1110 2405">
     <span class='ocr_line' id='line_1_9' title="bbox 33 1622 1109 1726; baseline 0.005 -27"><span class='ocrx_word' id='word_1_52' title='bbox 33 1652 37 1721; x_wconf 67' lang='grc' dir='ltr'><em>ς</em></span> <span class='ocrx_word' id='word_1_53' title='bbox 93 1622 455 1702; x_wconf 81' lang='lat' dir='ltr'><strong>demonstrationibus.</strong></span> <span class='ocrx_word' id='word_1_54' title='bbox 506 1629 626 1726; x_wconf 84' lang='lat' dir='ltr'><strong>Caput</strong></span> <span class='ocrx_word' id='word_1_55' title='bbox 649 1629 819 1703; x_wconf 89' lang='lat' dir='ltr'><strong>ultimum</strong></span> <span class='ocrx_word' id='word_1_56' title='bbox 840 1629 1015 1725; x_wconf 87' lang='lat' dir='ltr'><strong>Epilogus</strong></span> <span class='ocrx_word' id='word_1_57' title='bbox 1041 1643 1109 1719; x_wconf 83' lang='lat' dir='ltr'><strong>est,</strong></span> 
     </span>
     <span class='ocr_line' id='line_1_10' title="bbox 92 1739 1110 1837; baseline 0.005 -27"><span class='ocrx_word' id='word_1_58' title='bbox 92 1760 145 1833; x_wconf 88' lang='lat' dir='ltr'><strong>quo</strong></span> <span class='ocrx_word' id='word_1_59' title='bbox 158 1739 371 1836; x_wconf 85' lang='lat' dir='ltr'><strong>praecedens</strong></span> <span class='ocrx_word' id='word_1_60' title='bbox 395 1765 487 1837; x_wconf 93' lang='lat' dir='ltr'><strong>opus</strong></span> <span class='ocrx_word' id='word_1_61' title='bbox 514 1742 787 1815; x_wconf 88' lang='lat' dir='ltr'><strong>arithmeticum</strong></span> <span class='ocrx_word' id='word_1_62' title='bbox 814 1766 852 1815; x_wconf 90' lang='lat' dir='ltr'><strong>se</strong></span> <span class='ocrx_word' id='word_1_63' title='bbox 875 1742 966 1815; x_wconf 90' lang='lat' dir='ltr'><strong>dicit</strong></span> <span class='ocrx_word' id='word_1_64' title='bbox 991 1744 1110 1816; x_wconf 90' lang='lat' dir='ltr'><strong>absol-</strong></span> 
     </span>
     <span class='ocr_line' id='line_1_11' title="bbox 90 1851 1109 1929; baseline 0.003 -4"><span class='ocrx_word' id='word_1_65' title='bbox 90 1851 172 1926; x_wconf 75' lang='lat' dir='ltr'><strong>visse.</strong></span> <span class='ocrx_word' id='word_1_66' title='bbox 235 1852 455 1928; x_wconf 88' lang='lat' dir='ltr'><strong>Doctrinam</strong></span> <span class='ocrx_word' id='word_1_67' title='bbox 484 1855 583 1928; x_wconf 89' lang='lat' dir='ltr'><strong>enim</strong></span> <span class='ocrx_word' id='word_1_68' title='bbox 619 1855 664 1928; x_wconf 91' lang='lat' dir='ltr'><strong>de</strong></span> <span class='ocrx_word' id='word_1_69' title='bbox 693 1857 877 1929; x_wconf 90' lang='lat' dir='ltr'><strong>rationum</strong></span> <span class='ocrx_word' id='word_1_70' title='bbox 905 1856 1109 1929; x_wconf 86' lang='lat' dir='ltr'><strong>rationibus</strong></span> 
     </span>
     <span class='ocr_line' id='line_1_12' title="bbox 90 1965 1109 2063; baseline 0.002 -24"><span class='ocrx_word' id='word_1_71' title='bbox 90 1965 240 2040; x_wconf 85' lang='lat' dir='ltr'><strong>traditam</strong></span> <span class='ocrx_word' id='word_1_72' title='bbox 269 1989 351 2040; x_wconf 87' lang='lat' dir='ltr'><strong>esse</strong></span> <span class='ocrx_word' id='word_1_73' title='bbox 381 1968 434 2041; x_wconf 85' lang='lat' dir='ltr'><strong>ait</strong></span> <span class='ocrx_word' id='word_1_74' title='bbox 462 1968 500 2040; x_wconf 93' lang='lat' dir='ltr'><strong>in</strong></span> <span class='ocrx_word' id='word_1_75' title='bbox 532 1968 702 2043; x_wconf 91' lang='lat' dir='ltr'><strong>doctrina</strong></span> <span class='ocrx_word' id='word_1_76' title='bbox 730 1969 975 2051; x_wconf 82' lang='lat' dir='ltr'><strong>fractionum3</strong></span> <span class='ocrx_word' id='word_1_77' title='bbox 1008 1968 1109 2063; x_wconf 90' lang='lat' dir='ltr'><strong>quod</strong></span> 
     </span>
     <span class='ocr_line' id='line_1_13' title="bbox 90 2080 1107 2176; baseline 0.003 -25"><span class='ocrx_word' id='word_1_78' title='bbox 90 2098 174 2171; x_wconf 84' lang='lat' dir='ltr'><strong>quam</strong></span> <span class='ocrx_word' id='word_1_79' title='bbox 191 2091 296 2154; x_wconf 83' lang='lat' dir='ltr'><strong>recte</strong></span> <span class='ocrx_word' id='word_1_80' title='bbox 312 2080 452 2154; x_wconf 86' lang='lat' dir='ltr'><strong>factum</strong></span> <span class='ocrx_word' id='word_1_81' title='bbox 470 2082 530 2167; x_wconf 90' lang='lat' dir='ltr'><strong>sit,</strong></span> <span class='ocrx_word' id='word_1_82' title='bbox 547 2081 681 2155; x_wconf 91' lang='lat' dir='ltr'><strong>audisti</strong></span> <span class='ocrx_word' id='word_1_83' title='bbox 699 2083 821 2155; x_wconf 92' lang='lat' dir='ltr'><strong>modo.</strong></span> <span class='ocrx_word' id='word_1_84' title='bbox 863 2081 911 2153; x_wconf 86' lang='lat' dir='ltr'><strong>Et</strong></span> <span class='ocrx_word' id='word_1_85' title='bbox 928 2081 1107 2176; x_wconf 90' lang='lat' dir='ltr'><strong>siquidem</strong></span> 
     </span>
     <span class='ocr_line' id='line_1_14' title="bbox 88 2188 1105 2291; baseline 0.003 -27"><span class='ocrx_word' id='word_1_86' title='bbox 88 2188 147 2285; x_wconf 86' lang='lat' dir='ltr'><strong>ipse</strong></span> <span class='ocrx_word' id='word_1_87' title='bbox 157 2191 242 2265; x_wconf 88' lang='lat' dir='ltr'><strong>huic</strong></span> <span class='ocrx_word' id='word_1_88' title='bbox 260 2192 440 2268; x_wconf 85' lang='lat' dir='ltr'><strong>doctrinae</strong></span> <span class='ocrx_word' id='word_1_89' title='bbox 456 2195 685 2268; x_wconf 81' lang='lat' dir='ltr'><strong>theoremata</strong></span> <span class='ocrx_word' id='word_1_90' title='bbox 701 2195 777 2268; x_wconf 89' lang='lat' dir='ltr'><strong>ulla</strong></span> <span class='ocrx_word' id='word_1_91' title='bbox 794 2194 1105 2291; x_wconf 85' lang='lat' dir='ltr'><strong>superstruxisset,</strong></span> 
     </span>
     <span class='ocr_line' id='line_1_15' title="bbox 88 2300 746 2405; baseline 0.008 -28"><span class='ocrx_word' id='word_1_92' title='bbox 88 2300 223 2379; x_wconf 77' lang='lat' dir='ltr'><strong>tbsurda</strong></span> <span class='ocrx_word' id='word_1_93' title='bbox 239 2328 285 2378; x_wconf 87' lang='lat' dir='ltr'><strong>ea</strong></span> <span class='ocrx_word' id='word_1_94' title='bbox 301 2329 381 2379; x_wconf 90' lang='lat' dir='ltr'><strong>esse</strong></span> <span class='ocrx_word' id='word_1_95' title='bbox 398 2306 639 2382; x_wconf 85' lang='lat' dir='ltr'><strong>intellexisset</strong></span> <span class='ocrx_word' id='word_1_96' title='bbox 656 2310 746 2405; x_wconf 92' lang='lat' dir='ltr'><strong>ipse.</strong></span> 
     </span>
    </p>

    <p class='ocr_par' dir='ltr' id='par_1_6' title="bbox 83 2414 1107 3081">
     <span class='ocr_line' id='line_1_16' title="bbox 124 2414 1107 2515; baseline 0.005 -26"><span class='ocrx_word' id='word_1_97' title='bbox 124 2414 167 2491; x_wconf 90' lang='lat' dir='ltr'><strong>B.</strong></span> <span class='ocrx_word' id='word_1_98' title='bbox 192 2418 280 2492; x_wconf 92' lang='lat' dir='ltr'><strong>Non</strong></span> <span class='ocrx_word' id='word_1_99' title='bbox 297 2430 400 2515; x_wconf 91' lang='lat' dir='ltr'><strong>puto.</strong></span> <span class='ocrx_word' id='word_1_100' title='bbox 433 2420 531 2494; x_wconf 87' lang='lat' dir='ltr'><strong>Nam</strong></span> <span class='ocrx_word' id='word_1_101' title='bbox 547 2421 628 2495; x_wconf 87' lang='lat' dir='ltr'><strong>haec</strong></span> <span class='ocrx_word' id='word_1_102' title='bbox 646 2421 815 2495; x_wconf 89' lang='lat' dir='ltr'><strong>doctrina</strong></span> <span class='ocrx_word' id='word_1_103' title='bbox 827 2419 1107 2494; x_wconf 83' lang='lat' dir='ltr'><strong>fundamentum</strong></span> 
     </span>
     <span class='ocr_line' id='line_1_17' title="bbox 86 2531 1107 2631; baseline 0.009 -31"><span class='ocrx_word' id='word_1_104' title='bbox 86 2540 130 2601; x_wconf 82' lang='lat' dir='ltr'><strong>at</strong></span> <span class='ocrx_word' id='word_1_105' title='bbox 156 2531 271 2605; x_wconf 88' lang='lat' dir='ltr'><strong>totius</strong></span> <span class='ocrx_word' id='word_1_106' title='bbox 310 2532 388 2605; x_wconf 88' lang='lat' dir='ltr'><strong>fere</strong></span> <span class='ocrx_word' id='word_1_107' title='bbox 421 2543 602 2608; x_wconf 89' lang='lat' dir='ltr'><strong>tractatus</strong></span> <span class='ocrx_word' id='word_1_108' title='bbox 631 2534 740 2622; x_wconf 86' lang='lat' dir='ltr'><strong>illius,</strong></span> <span class='ocrx_word' id='word_1_109' title='bbox 775 2558 884 2630; x_wconf 90' lang='lat' dir='ltr'><strong>quem</strong></span> <span class='ocrx_word' id='word_1_110' title='bbox 918 2534 1107 2631; x_wconf 89' lang='lat' dir='ltr'><strong>inscripsit</strong></span> 
     </span>
     <span class='ocr_line' id='line_1_18' title="bbox 85 2637 1105 2743; baseline 0.007 -28"><span class='ocrx_word' id='word_1_111' title='bbox 85 2637 347 2717; x_wconf 77' lang='lat' dir='ltr'><strong>Arithmeticam</strong></span> <span class='ocrx_word' id='word_1_112' title='bbox 369 2645 631 2742; x_wconf 66' lang='lat' dir='ltr'><strong>infinitorum</strong></span> <span class='ocrx_word' id='word_1_113' title='bbox 662 2671 772 2743; x_wconf 91' lang='lat' dir='ltr'><strong>quem</strong></span> <span class='ocrx_word' id='word_1_114' title='bbox 806 2657 1004 2721; x_wconf 89' lang='lat' dir='ltr'><strong>tractatum</strong></span> <span class='ocrx_word' id='word_1_115' title='bbox 1030 2672 1105 2722; x_wconf 91' lang='lat' dir='ltr'><strong>una</strong></span> 
     </span>
     <span class='ocr_line' id='line_1_19' title="bbox 85 2757 1104 2859; baseline 0.003 -30"><span class='ocrx_word' id='word_1_116' title='bbox 85 2774 150 2829; x_wconf 81' lang='lat' dir='ltr'><strong>orm</strong></span> <span class='ocrx_word' id='word_1_117' title='bbox 165 2757 383 2832; x_wconf 87' lang='lat' dir='ltr'><strong>tractatibus</strong></span> <span class='ocrx_word' id='word_1_118' title='bbox 396 2758 442 2832; x_wconf 90' lang='lat' dir='ltr'><strong>de</strong></span> <span class='ocrx_word' id='word_1_119' title='bbox 457 2760 595 2833; x_wconf 73' lang='lat' dir='ltr'><strong>coniers</strong></span> <span class='ocrx_word' id='word_1_120' title='bbox 609 2759 833 2834; x_wconf 69' lang='lat' dir='ltr'><strong>sectionibus</strong></span> <span class='ocrx_word' id='word_1_121' title='bbox 846 2775 885 2834; x_wconf 89' lang='lat' dir='ltr'><strong>et</strong></span> <span class='ocrx_word' id='word_1_122' title='bbox 901 2761 947 2834; x_wconf 92' lang='lat' dir='ltr'><strong>de</strong></span> <span class='ocrx_word' id='word_1_123' title='bbox 965 2761 1104 2859; x_wconf 83' lang='lat' dir='ltr'><strong>ungulo</strong></span> 
     </span>
     <span class='ocr_line' id='line_1_20' title="bbox 84 2872 1104 2959; baseline 0.002 -15"><span class='ocrx_word' id='word_1_124' title='bbox 84 2878 262 2959; x_wconf 66' lang='lat' dir='ltr'><strong>suarm,</strong></span> <span class='ocrx_word' id='word_1_125' title='bbox 287 2894 432 2945; x_wconf 89' lang='lat' dir='ltr'><strong>mecum</strong></span> <span class='ocrx_word' id='word_1_126' title='bbox 454 2872 562 2946; x_wconf 89' lang='lat' dir='ltr'><strong>attuli</strong></span> <span class='ocrx_word' id='word_1_127' title='bbox 586 2885 629 2947; x_wconf 91' lang='lat' dir='ltr'><strong>ut</strong></span> <span class='ocrx_word' id='word_1_128' title='bbox 649 2874 846 2947; x_wconf 85' lang='lat' dir='ltr'><strong>examines.</strong></span> <span class='ocrx_word' id='word_1_129' title='bbox 899 2875 995 2947; x_wconf 91' lang='lat' dir='ltr'><strong>Nam</strong></span> <span class='ocrx_word' id='word_1_130' title='bbox 1022 2874 1104 2947; x_wconf 92' lang='lat' dir='ltr'><strong>illos</strong></span> 
     </span>
     <span class='ocr_line' id='line_1_21' title="bbox 83 2984 402 3081; baseline 0.019 -29"><span class='ocrx_word' id='word_1_131' title='bbox 83 2984 264 3057; x_wconf 74' lang='lat' dir='ltr'><strong>naminari</strong></span> <span class='ocrx_word' id='word_1_132' title='bbox 281 2985 402 3081; x_wconf 88' lang='lat' dir='ltr'><strong>cupio.</strong></span> 
     </span>
    </p>

    <p class='ocr_par' dir='ltr' id='par_1_7' title="bbox 58 3096 1105 4553">
     <span class='ocr_line' id='line_1_22' title="bbox 120 3096 1105 3196; baseline 0.003 -28"><span class='ocrx_word' id='word_1_133' title='bbox 120 3096 163 3168; x_wconf 80' lang='lat' dir='ltr'><strong>A.</strong></span> <span class='ocrx_word' id='word_1_134' title='bbox 187 3096 429 3170; x_wconf 80' lang='lat' dir='ltr'><strong>Examinabo</strong></span> <span class='ocrx_word' id='word_1_135' title='bbox 482 3098 555 3171; x_wconf 86' lang='lat' dir='ltr'><strong>Sed</strong></span> <span class='ocrx_word' id='word_1_136' title='bbox 578 3098 626 3172; x_wconf 92' lang='lat' dir='ltr'><strong>ad</strong></span> <span class='ocrx_word' id='word_1_137' title='bbox 653 3123 746 3196; x_wconf 81' lang='lat' dir='ltr'><strong>opos</strong></span> <span class='ocrx_word' id='word_1_138' title='bbox 773 3100 960 3196; x_wconf 83' lang='lat' dir='ltr'><strong>integrum</strong></span> <span class='ocrx_word' id='word_1_139' title='bbox 986 3099 1105 3171; x_wconf 66' lang='lat' dir='ltr'><strong>arith</strong></span> 
     </span>
     <span class='ocr_line' id='line_1_23' title="bbox 79 3209 1104 3310; baseline 0.003 -29"><span class='ocrx_word' id='word_1_140' title='bbox 79 3210 230 3283; x_wconf 68' lang='lat' dir='ltr'><strong>mrtem</strong></span> <span class='ocrx_word' id='word_1_141' title='bbox 244 3209 380 3284; x_wconf 91' lang='lat' dir='ltr'><strong>desunt</strong></span> <span class='ocrx_word' id='word_1_142' title='bbox 391 3212 513 3285; x_wconf 89' lang='lat' dir='ltr'><strong>adhuc</strong></span> <span class='ocrx_word' id='word_1_143' title='bbox 530 3211 672 3310; x_wconf 71' lang='lat' dir='ltr'><strong>regalo</strong></span> <span class='ocrx_word' id='word_1_144' title='bbox 684 3211 925 3310; x_wconf 79' lang='lat' dir='ltr'><strong>alligationis</strong></span> <span class='ocrx_word' id='word_1_145' title='bbox 939 3221 977 3284; x_wconf 92' lang='lat' dir='ltr'><strong>et</strong></span> <span class='ocrx_word' id='word_1_146' title='bbox 980 3211 1104 3307; x_wconf 73' lang='lat' dir='ltr'><strong>salsa</strong></span> 
     </span>
     <span class='ocr_line' id='line_1_24' title="bbox 73 3323 1104 3422; baseline 0.002 -26"><span class='ocrx_word' id='word_1_147' title='bbox 73 3324 285 3415; x_wconf 77' lang='lat' dir='ltr'><strong>positionis:</strong></span> <span class='ocrx_word' id='word_1_148' title='bbox 312 3348 469 3422; x_wconf 81' lang='lat' dir='ltr'><strong>quaram</strong></span> <span class='ocrx_word' id='word_1_149' title='bbox 492 3325 629 3414; x_wconf 81' lang='lat' dir='ltr'><strong>altero,</strong></span> <span class='ocrx_word' id='word_1_150' title='bbox 660 3325 791 3421; x_wconf 89' lang='lat' dir='ltr'><strong>inquit,</strong></span> <span class='ocrx_word' id='word_1_151' title='bbox 827 3335 903 3397; x_wconf 84' lang='lat' dir='ltr'><strong>tum</strong></span> <span class='ocrx_word' id='word_1_152' title='bbox 933 3323 1022 3397; x_wconf 80' lang='lat' dir='ltr'><strong>aliis</strong></span> <span class='ocrx_word' id='word_1_153' title='bbox 1056 3326 1104 3398; x_wconf 82' lang='lat' dir='ltr'><strong>ds</strong></span> 
     </span>
     <span class='ocr_line' id='line_1_25' title="bbox 75 3438 1101 3536; baseline 0.006 -31"><span class='ocrx_word' id='word_1_154' title='bbox 75 3438 196 3526; x_wconf 55' lang='lat' dir='ltr'><strong>roms,</strong></span> <span class='ocrx_word' id='word_1_155' title='bbox 210 3448 287 3512; x_wconf 78' lang='lat' dir='ltr'><strong>tum</strong></span> <span class='ocrx_word' id='word_1_156' title='bbox 304 3439 406 3536; x_wconf 83' lang='lat' dir='ltr'><strong>qood</strong></span> <span class='ocrx_word' id='word_1_157' title='bbox 419 3438 487 3512; x_wconf 79' lang='lat' dir='ltr'><strong>illu</strong></span> <span class='ocrx_word' id='word_1_158' title='bbox 503 3464 574 3512; x_wconf 85' lang='lat' dir='ltr'><strong>non</strong></span> <span class='ocrx_word' id='word_1_159' title='bbox 591 3439 687 3513; x_wconf 86' lang='lat' dir='ltr'><strong>adeo</strong></span> <span class='ocrx_word' id='word_1_160' title='bbox 698 3439 921 3536; x_wconf 82' lang='lat' dir='ltr'><strong>frequentis</strong></span> <span class='ocrx_word' id='word_1_161' title='bbox 933 3462 1022 3510; x_wconf 76' lang='lat' dir='ltr'><strong>cesus</strong></span> <span class='ocrx_word' id='word_1_162' title='bbox 1038 3440 1101 3528; x_wconf 90' lang='lat' dir='ltr'><strong>sit,</strong></span> 
     </span>
     <span class='ocr_line' id='line_1_26' title="bbox 72 3547 1101 3650; baseline 0.001 -27"><span class='ocrx_word' id='word_1_163' title='bbox 72 3547 185 3624; x_wconf 84' lang='lat' dir='ltr'><strong>oltero</strong></span> <span class='ocrx_word' id='word_1_164' title='bbox 217 3551 302 3624; x_wconf 83' lang='lat' dir='ltr'><strong>sine</strong></span> <span class='ocrx_word' id='word_1_165' title='bbox 335 3575 471 3649; x_wconf 82' lang='lat' dir='ltr'><strong>magno</strong></span> <span class='ocrx_word' id='word_1_166' title='bbox 505 3551 700 3650; x_wconf 83' lang='lat' dir='ltr'><strong>dispendio</strong></span> <span class='ocrx_word' id='word_1_167' title='bbox 730 3562 822 3648; x_wconf 85' lang='lat' dir='ltr'><strong>post</strong></span> <span class='ocrx_word' id='word_1_168' title='bbox 857 3550 1101 3624; x_wconf 83' lang='lat' dir='ltr'><strong>introductam</strong></span> 
     </span>
     <span class='ocr_line' id='line_1_27' title="bbox 69 3662 1101 3762; baseline 0.005 -28"><span class='ocrx_word' id='word_1_169' title='bbox 69 3662 329 3737; x_wconf 68' lang='lat' dir='ltr'><strong>arithmicam</strong></span> <span class='ocrx_word' id='word_1_170' title='bbox 361 3666 580 3760; x_wconf 80' lang='lat' dir='ltr'><strong>speciosam,</strong></span> <span class='ocrx_word' id='word_1_171' title='bbox 608 3664 757 3737; x_wconf 75' lang='lat' dir='ltr'><strong>careri*</strong></span> <span class='ocrx_word' id='word_1_172' title='bbox 781 3665 917 3762; x_wconf 79' lang='lat' dir='ltr'><strong>possit.</strong></span> <span class='ocrx_word' id='word_1_173' title='bbox 989 3665 1101 3739; x_wconf 77' lang='lat' dir='ltr'><strong>Quod</strong></span> 
     </span>
     <span class='ocr_line' id='line_1_28' title="bbox 66 3775 1100 3874; baseline 0.005 -27"><span class='ocrx_word' id='word_1_174' title='bbox 66 3786 256 3874; x_wconf 90' lang='lat' dir='ltr'><strong>utrumque</strong></span> <span class='ocrx_word' id='word_1_175' title='bbox 274 3775 407 3850; x_wconf 83' lang='lat' dir='ltr'><strong>falsum</strong></span> <span class='ocrx_word' id='word_1_176' title='bbox 420 3790 489 3850; x_wconf 87' lang='lat' dir='ltr'><strong>est.</strong></span> <span class='ocrx_word' id='word_1_177' title='bbox 541 3779 637 3851; x_wconf 88' lang='lat' dir='ltr'><strong>Nam</strong></span> <span class='ocrx_word' id='word_1_178' title='bbox 658 3789 696 3850; x_wconf 90' lang='lat' dir='ltr'><strong>et</strong></span> <span class='ocrx_word' id='word_1_179' title='bbox 719 3777 857 3874; x_wconf 84' lang='lat' dir='ltr'><strong>regnlae</strong></span> <span class='ocrx_word' id='word_1_180' title='bbox 879 3778 1100 3873; x_wconf 86' lang='lat' dir='ltr'><strong>alligationis</strong></span> 
     </span>
     <span class='ocr_line' id='line_1_29' title="bbox 64 3890 1099 3988; baseline 0.004 -27"><span class='ocrx_word' id='word_1_181' title='bbox 64 3890 155 3985; x_wconf 76' lang='lat' dir='ltr'><strong>apud</strong></span> <span class='ocrx_word' id='word_1_182' title='bbox 171 3901 399 3963; x_wconf 86' lang='lat' dir='ltr'><strong>mercatores</strong></span> <span class='ocrx_word' id='word_1_183' title='bbox 416 3913 504 3963; x_wconf 89' lang='lat' dir='ltr'><strong>usus</strong></span> <span class='ocrx_word' id='word_1_184' title='bbox 522 3903 577 3963; x_wconf 90' lang='lat' dir='ltr'><strong>est</strong></span> <span class='ocrx_word' id='word_1_185' title='bbox 595 3890 684 3963; x_wconf 84' lang='lat' dir='ltr'><strong>satis</strong></span> <span class='ocrx_word' id='word_1_186' title='bbox 700 3890 895 3985; x_wconf 76' lang='lat' dir='ltr'><strong>frequens3</strong></span> <span class='ocrx_word' id='word_1_187' title='bbox 917 3893 1099 3988; x_wconf 83' lang='lat' dir='ltr'><strong>stragula</strong></span> 
     </span>
     <span class='ocr_line' id='line_1_30' title="bbox 63 4000 1097 4099; baseline 0.006 -27"><span class='ocrx_word' id='word_1_188' title='bbox 63 4000 372 4099; x_wconf 61' lang='lat' dir='ltr'><strong>impositionis,</strong></span> <span class='ocrx_word' id='word_1_189' title='bbox 388 4026 473 4075; x_wconf 94' lang='lat' dir='ltr'><strong>cum</strong></span> <span class='ocrx_word' id='word_1_190' title='bbox 486 4002 694 4098; x_wconf 90' lang='lat' dir='ltr'><strong>dependeat</strong></span> <span class='ocrx_word' id='word_1_191' title='bbox 711 4003 842 4077; x_wconf 91' lang='lat' dir='ltr'><strong>abhoc</strong></span> <span class='ocrx_word' id='word_1_192' title='bbox 859 4005 1097 4094; x_wconf 89' lang='lat' dir='ltr'><strong>theoremate,</strong></span> 
     </span>
     <span class='ocr_line' id='line_1_31' title="bbox 61 4113 1098 4213; baseline 0 -26"><span class='ocrx_word' id='word_1_193' title='bbox 61 4124 99 4188; x_wconf 78' lang='lat' dir='ltr'><strong>ut</strong></span> <span class='ocrx_word' id='word_1_194' title='bbox 112 4139 221 4189; x_wconf 79' lang='lat' dir='ltr'><strong>unum</strong></span> <span class='ocrx_word' id='word_1_195' title='bbox 232 4113 384 4213; x_wconf 79' lang='lat' dir='ltr'><strong>fnlsnm</strong></span> <span class='ocrx_word' id='word_1_196' title='bbox 405 4115 638 4212; x_wconf 81' lang='lat' dir='ltr'><strong>suppositam</strong></span> <span class='ocrx_word' id='word_1_197' title='bbox 656 4123 713 4187; x_wconf 84' lang='lat' dir='ltr'><strong>est</strong></span> <span class='ocrx_word' id='word_1_198' title='bbox 738 4115 793 4188; x_wconf 84' lang='lat' dir='ltr'><strong>ad</strong></span> <span class='ocrx_word' id='word_1_199' title='bbox 817 4139 982 4189; x_wconf 85' lang='lat' dir='ltr'><strong>errorem</strong></span> <span class='ocrx_word' id='word_1_200' title='bbox 1009 4142 1032 4187; x_wconf 86' lang='lat' dir='ltr'><strong>a</strong></span> <span class='ocrx_word' id='word_1_201' title='bbox 1057 4141 1098 4187; x_wconf 81' lang='lat' dir='ltr'><strong>se</strong></span> 
     </span>
     <span class='ocr_line' id='line_1_32' title="bbox 59 4226 1101 4326; baseline -0.003 -24"><span class='ocrx_word' id='word_1_202' title='bbox 59 4239 193 4319; x_wconf 77' lang='lat' dir='ltr'><strong>natam,</strong></span> <span class='ocrx_word' id='word_1_203' title='bbox 229 4229 287 4302; x_wconf 86' lang='lat' dir='ltr'><strong>ito</strong></span> <span class='ocrx_word' id='word_1_204' title='bbox 320 4226 479 4301; x_wconf 79' lang='lat' dir='ltr'><strong>alterum</strong></span> <span class='ocrx_word' id='word_1_205' title='bbox 507 4227 656 4325; x_wconf 80' lang='lat' dir='ltr'><strong>falsum</strong></span> <span class='ocrx_word' id='word_1_206' title='bbox 690 4229 920 4326; x_wconf 79' lang='lat' dir='ltr'><strong>suppositum</strong></span> <span class='ocrx_word' id='word_1_207' title='bbox 955 4239 1012 4301; x_wconf 88' lang='lat' dir='ltr'><strong>est</strong></span> <span class='ocrx_word' id='word_1_208' title='bbox 1045 4228 1101 4299; x_wconf 81' lang='lat' dir='ltr'><strong>ad</strong></span> 
     </span>
     <span class='ocr_line' id='line_1_33' title="bbox 58 4340 1096 4436; baseline -0.004 -21"><span class='ocrx_word' id='word_1_209' title='bbox 58 4366 222 4416; x_wconf 83' lang='lat' dir='ltr'><strong>errorem</strong></span> <span class='ocrx_word' id='word_1_210' title='bbox 251 4340 378 4414; x_wconf 83' lang='lat' dir='ltr'><strong>itidem</strong></span> <span class='ocrx_word' id='word_1_211' title='bbox 407 4365 432 4413; x_wconf 85' lang='lat' dir='ltr'><strong>a</strong></span> <span class='ocrx_word' id='word_1_212' title='bbox 461 4364 503 4412; x_wconf 89' lang='lat' dir='ltr'><strong>se</strong></span> <span class='ocrx_word' id='word_1_213' title='bbox 529 4350 665 4429; x_wconf 84' lang='lat' dir='ltr'><strong>natum,</strong></span> <span class='ocrx_word' id='word_1_214' title='bbox 696 4341 940 4415; x_wconf 91' lang='lat' dir='ltr'><strong>demonstrari</strong></span> <span class='ocrx_word' id='word_1_215' title='bbox 973 4353 1096 4436; x_wconf 90' lang='lat' dir='ltr'><strong>potest</strong></span> 
     </span>
     <span class='ocr_line' id='line_1_34' title="bbox 58 4454 1095 4553; baseline -0.005 -23"><span class='ocrx_word' id='word_1_216' title='bbox 58 4457 134 4530; x_wconf 90' lang='lat' dir='ltr'><strong>sine</strong></span> <span class='ocrx_word' id='word_1_217' title='bbox 152 4457 313 4553; x_wconf 85' lang='lat' dir='ltr'><strong>algebra.</strong></span> <span class='ocrx_word' id='word_1_218' title='bbox 364 4454 639 4528; x_wconf 89' lang='lat' dir='ltr'><strong>Demonstratio</strong></span> <span class='ocrx_word' id='word_1_219' title='bbox 657 4455 885 4551; x_wconf 85' lang='lat' dir='ltr'><strong>longiuscula</strong></span> <span class='ocrx_word' id='word_1_220' title='bbox 902 4466 968 4526; x_wconf 87' lang='lat' dir='ltr'><strong>est.</strong></span> <span class='ocrx_word' id='word_1_221' title='bbox 1022 4454 1095 4526; x_wconf 90' lang='lat' dir='ltr'><strong>Sed</strong></span> 
     </span>
    </p>
   </div>
   <div class='ocr_carea' id='block_1_3' title="bbox 364 4655 793 4716">
    <p class='ocr_par' dir='ltr' id='par_1_8' title="bbox 364 4655 793 4716">
     <span class='ocr_line' id='line_1_35' title="bbox 364 4655 793 4716; baseline -0.016 1"><span class='ocrx_word' id='word_1_222' title='bbox 364 4655 381 4691; x_wconf 57' lang='lat'><strong>³</strong></span> <span class='ocrx_word' id='word_1_223' title='bbox 404 4656 453 4716; x_wconf 87' lang='lat' dir='ltr'><strong>Sic</strong></span> <span class='ocrx_word' id='word_1_224' title='bbox 467 4655 545 4714; x_wconf 88' lang='lat' dir='ltr'><strong>Edit.</strong></span> <span class='ocrx_word' id='word_1_225' title='bbox 565 4658 641 4714; x_wconf 90' lang='grc'>1660</span> <span class='ocrx_word' id='word_1_226' title='bbox 662 4666 691 4716; x_wconf 93' lang='lat' dir='ltr'><strong>et</strong></span> <span class='ocrx_word' id='word_1_227' title='bbox 708 4657 793 4713; x_wconf 88' lang='grc'><strong>1668.</strong></span> 
     </span>
    </p>
   </div>
   <div class='ocr_carea' id='block_1_4' title="bbox 0 0 1314 5092">
    <p class='ocr_par' dir='ltr' id='par_1_9' title="bbox 0 0 1314 5092">
     <span class='ocr_line' id='line_1_36' title="bbox 0 0 1314 5092; baseline 0 8"><span class='ocrx_word' id='word_1_228' title='bbox 0 0 1314 5092; x_wconf 95' lang='lat' dir='ltr'><strong> </strong></span> 
     </span>
    </p>
   </div>
  </div>
 </body>
</html>
