2618 5092
233 657 307 724 414
377 670 431 724 ns
451 668 684 725 annuemus
704 668 756 721 nr
772 654 1148 723 sarroouoarronu

55 868 126 913 cnr.
140 868 184 911 n.
233 838 370 913 habete
388 838 511 929 debet,
529 862 576 914 ex
592 836 802 937 quantitate
818 836 900 935 agri
916 836 991 911 sibi
1005 834 1164 935 proprii.
1188 834 1273 911 ller-

47 938 192 1041 ζῷ’
234 965 351 1043 cator,
364 954 429 1051 qui
444 953 595 1027 tertiam
610 964 755 1050 partem
771 950 918 1027 oollatoe
929 950 1106 1049 meoniae
1116 948 1273 1039 contulit,

234 1068 360 1141 statim
374 1067 473 1140 dicet
489 1066 648 1141 debere*
665 1066 737 1140 sibi
753 1065 903 1139 tertiam
914 1074 1067 1163 partem
1082 1062 1190 1138 lucri.
1212 1062 1274 1139 (lo-

235 1180 344 1255 lonas
364 1181 430 1277 qui
452 1178 619 1278 possidet
643 1178 794 1253 tertiam
817 1188 964 1275 partem
986 1176 1072 1275 agri
1099 1174 1273 1277 privatin,

87 1312 91 1325 ’
232 1305 404 1392 prompte
419 1294 622 1390 postulabit
638 1293 789 1369 tertiam
803 1304 952 1391 partam
968 1312 1061 1365 usus
1076 1290 1161 1389 agri
1184 1312 1275 1365 oom-

233 1407 366 1481 munis.
418 1408 682 1505 Unusquisque
707 1406 808 1481 enim
829 1404 935 1481 videt
960 1404 1087 1481 inesse
1113 1404 1155 1481 iu
1175 1426 1220 1479 aa
1237 1426 1275 1479 ta

232 1521 551 1616 comparationem
567 1519 787 1617 quantitatis
798 1518 848 1593 ad
860 1518 1128 1615 quantitatem,
1139 1518 1275 1615 quanti-

233 1633 322 1707 tatis
339 1633 491 1730 expensi
512 1632 561 1707 ad
576 1633 825 1730 quantitatem
849 1630 1008 1728 accepti.
1062 1628 1141 1706 Sed
1165 1630 1275 1705 ideam

233 1746 330 1819 hanc
347 1746 401 1818 ita
417 1745 584 1821 oratione
605 1744 771 1843 &natali
795 1744 992 1841 adsequate
1016 1744 1226 1843 complecti,
1239 1754 1276 1817 ut

232 1858 320 1932 inde
354 1860 501 1955 regulas
534 1858 726 1957 generales
759 1857 1016 1933 demonstrare
1050 1858 1182 1956 possit,
1209 1880 1275 1933 non

232 1971 340 2046 facile
357 1982 480 2069 potest
495 1973 759 2070 unnsquisque.
812 1971 928 2045 Juxta
944 1970 1046 2045 hanc
1066 1968 1191 2045 ideam
1205 1970 1275 2045 rul-

232 2109 373 2181 garem,
395 2086 673 2183 proportionem
695 2085 736 2158 in
759 2084 924 2160 numeris
944 2082 1090 2182 optime
1121 2083 1275 2159 definivit

232 2199 418 2288 Euclides,
436 2199 520 2273 Des.
537 2208 600 2275 24.
617 2199 734 2273 Elem.
752 2196 828 2271 vii:
854 2196 927 2271 etsi
943 2220 990 2271 eo
1019 2195 1105 2271 loco
1127 2221 1203 2272 non
1224 2222 1274 2272 ra·

233 2312 385 2402 tionem,
416 2313 481 2386 sed
511 2313 790 2410 proportionem
820 2310 934 2385 dicat.
1003 2312 1273 2409 Proportionem

234 2435 359 2499 autem
381 2425 420 2498 in
437 2426 510 2498 alio
533 2449 644 2499 sensu
668 2425 760 2499 dicit
786 2425 826 2499 in
852 2424 936 2497 Des.
967 2433 1005 2499 4.
1031 2426 1150 2499 Elem.
1167 2451 1202 2516 v,
1216 2451 1273 2523 pro

234 2539 419 2612 rationum
438 2539 691 2613 similitudine.
743 2540 856 2614 Quod
873 2539 980 2632 parvi
1003 2540 1185 2615 momenti
1200 2562 1273 2637 pso

234 2662 361 2724 catum
378 2662 446 2738 est,
463 2652 535 2725 nisi
555 2652 654 2748 quod
671 2650 923 2725 inconstantia
945 2651 986 2723 in
1004 2652 1196 2726 vocabulis
1212 2676 1273 2749 ug-

235 2787 325 2836 num
338 2765 386 2838 sit
398 2765 632 2839 obscuritatis
649 2765 688 2838 in
706 2764 909 2837 intellectu.
955 2764 1033 2837 Sed
1051 2764 1175 2840 ideam
1187 2766 1272 2839 illam

235 2901 347 2973 quam
364 2878 493 2952 habuit
516 2878 689 2951 Euclides
706 2904 732 2951 a
752 2877 934 2976 partibus
958 2876 1092 2951 iisdem
1122 2902 1273 2953 numero·

234 3013 329 3082 rum,
347 2992 665 3088 magnitudinibus
683 3016 767 3089 quae
783 3015 858 3065 non
876 3012 1027 3088 semper
1050 3006 1140 3067 sunt
1160 3004 1202 3068 ut
1216 3016 1272 3066 no·

235 3128 358 3178 merus
375 3106 424 3179 ad
441 3129 637 3179 numerum
662 3105 838 3201 adaptare
863 3127 938 3176 non
965 3104 1105 3201 potuit.
1159 3106 1272 3203 ltaque

235 3218 371 3293 omissa
386 3220 450 3293 illa
467 3221 706 3315 responsione
717 3217 889 3317 partium
906 3216 1125 3314 adportes,
1138 3232 1273 3293 coactns

234 3343 292 3406 est
309 3332 430 3406 ideam
448 3334 557 3408 aliam
575 3356 742 3430 quaerere
766 3344 847 3406 tum
873 3330 1190 3427 magnitudinum,
1206 3344 1273 3405 tun

234 3468 474 3519 numerorum
490 3469 736 3521 communem.
790 3446 959 3519 Noverat
975 3444 1017 3517 in
1031 3458 1194 3542 quatuor
1204 3466 1274 3542 pro·

233 3558 501 3653 portionalibus
518 3559 678 3654 primum
696 3557 744 3631 ad
761 3555 966 3631 secundum
990 3557 1049 3630 ita
1072 3581 1116 3632 se
1141 3556 1274 3644 hobae,

237 3670 394 3762 (Graece,
410 3687 495 3750 otras
508 3671 616 3765 ἔχειν),
634 3682 677 3744 ut
693 3670 847 3743 tertium
863 3669 912 3742 ad
925 3680 1115 3764 quartum.
1159 3671 1275 3766 Itaque

235 3808 259 3856 a
275 3784 502 3879 cogitatione
519 3785 622 3858 vocis
645 3784 703 3856 ita
728 3782 876 3872 habeat,
893 3783 1002 3879 quasi
1029 3785 1077 3858 ab
1102 3784 1188 3858 idea
1208 3784 1277 3880 ipa

236 3896 291 3970 rei
311 3898 506 3990 (converso
524 3898 637 3970 verbo
656 3908 734 3988 ἔχειν
751 3896 790 3968 in
807 3919 945 3969 nomen
963 3910 1074 3986 σχέσις,
1093 3920 1161 3972 sou
1177 3896 1277 3970 verbo

236 4007 374 4084 holm
390 4011 431 4083 in
448 4035 584 4084 nomen
602 4009 799 4103 habitudo)
819 3998 995 4083 formavit
1018 4012 1177 4085 rationis
1200 4009 1278 4084 defi·

237 4124 415 4198 nitionem
433 4124 534 4197 illam
552 4124 727 4213 sterilem,
738 4122 841 4196 ratio
850 4133 908 4195 ert
925 4122 1087 4197 duarum
1104 4124 1277 4224 magnitu-

237 4236 362 4312 dinam
373 4236 538 4333 ejusdem
545 4237 702 4335 generis
716 4236 912 4309 secundum
929 4238 1181 4333 quantitatem
1191 4235 1278 4312 hahi-

239 4352 327 4425 tudo
340 4351 519 4449 quaedam:
534 4375 667 4424 sonum
677 4351 875 4424 verborum
886 4362 1036 4425 secutus
1046 4376 1118 4450 pro
1127 4352 1211 4427 idea
1221 4348 1278 4424 tei.

288 4471 499 4563 Antequam
529 4466 712 4539 rationem
741 4464 927 4556 definiam,
956 4468 1209 4542 necessarium
1232 4472 1280 4537 est

493 4652 511 4686 ⁴
533 4651 582 4712 Sic
596 4651 666 4711 odit.
684 4654 770 4711 1668.
801 4650 908 4724 Quare
920 4649 1039 4711 dederi?
