2618 5092
212 672 285 740 242
529 683 585 737 nn
603 674 776 737 neruus
792 670 932 777 leurs.

210 853 370 928 multum
388 851 601 927 dissimilem
624 852 664 925 in
680 852 851 927 coenobio
867 850 1121 939 Minimorum,
1134 868 1227 947 qum

213 991 325 1064 quam
341 990 411 1039 nec
428 976 550 1040 certus
573 988 760 1057 numerus,
782 989 855 1041 neo
882 964 1015 1041 dicbus
1039 960 1229 1061 praestitutis

213 1079 533 1169 conveniebamus,
550 1077 650 1175 apud
664 1068 984 1177 virum'optimnm
1007 1088 1048 1153 et
1074 1076 1229 1151 bonerum

213 1193 350 1267 artium
362 1200 614 1288 promotorem
625 1190 820 1289 insignem,
831 1192 872 1267 F.
882 1191 1074 1267 Marinum
1088 1190 1230 1265 Merso-

213 1331 315 1396 num,
334 1305 398 1401 qui
415 1305 565 1379 inventa
590 1315 718 1379 nostra
742 1294 944 1403 publicavit
965 1304 1007 1379 in
1021 1304 1129 1392 libro,
1143 1320 1230 1401 quern

214 1419 401 1515 inscripsit
426 1418 603 1517 cogitata
614 1416 1082 1516 Physica-Mathonem.
1106 1416 1230 1491 Namut

213 1532 296 1630 quis
330 1531 523 1629 problema
554 1531 706 1629 aliquod
735 1532 1038 1621 demonstrasset,
1071 1530 1120 1605 ad
1149 1528 1230 1603 illum

213 1644 369 1733 ferebat,
386 1643 434 1717 ab
451 1643 515 1717 illo
532 1654 572 1717 et
592 1643 737 1719 caeteris
765 1645 1062 1721 examinandum.
1113 1643 1170 1718 Sic
1181 1660 1231 1715 rot

215 1782 374 1856 quoque,
388 1767 492 1854 puto,
509 1756 644 1832 facitis.

263 1873 313 1946 Β.
339 1872 507 1962 Minime,
520 1870 587 1945 sed
603 1882 646 1946 ut
658 1872 747 1963 dixi,
758 1873 843 1947 viva
852 1896 958 1947 voce.
995 1870 1109 1948 Quod
1123 1864 1232 1968 querit

214 1986 365 2082 quinam
382 1997 481 2075 sunt,
496 2008 635 2081 paucos
654 1986 750 2077 illos,
776 2009 869 2084 quos
885 1985 926 2059 iu
948 2008 995 2061 eo
1017 2008 1168 2059 numero
1187 1974 1232 2055 rel

214 2099 308 2173 facie
326 2098 385 2173 vel
401 2097 548 2194 scriptis
569 2108 613 2172 tu
633 2098 744 2189 nosti,
761 2098 984 2185 nominab03
1011 2109 1163 2173 creteros
1174 2112 1232 2169 nou

214 2222 271 2287 cst
287 2235 447 2286 neccsse.
500 2209 557 2284 lbi
574 2224 631 2286 est
648 2212 690 2286 O.

265 2323 312 2398 A.
338 2324 436 2398 Novi
453 2323 651 2399 hominem.
688 2326 829 2399 Probus
846 2336 915 2412 est,
928 2325 1088 2415 subtilis,
1101 2336 1138 2399 et
1153 2323 1233 2418 inge

215 2439 352 2513 niosus.

268 2552 316 2625 Β.
344 2552 394 2624 Et
411 2552 456 2624 D.

265 2664 316 2737 A.
342 2663 429 2737 Non
450 2665 620 2738 carebitis
638 2688 725 2761 ergo
740 2665 895 2739 historia
911 2665 1083 2739 naturali.

268 2777 317 2850 B.
344 2777 439 2849 Sunt
456 2800 601 2872 quoque
618 2777 754 2851 assidui
770 2779 813 2868 E,
828 2779 868 2868 F,
880 2778 923 2853 G.
1021 2832 1024 2837 -

268 2890 316 2964 A.
344 2889 528 2962 Numerus
552 2901 648 2963 sunt.

269 3004 318 3077 Β.
346 3003 394 3075 Et
412 3003 462 3090 H,
476 3002 506 3091 1,
521 3002 568 3074 K.

267 3113 314 3189 A.
340 3115 427 3188 Non
440 3114 586 3211 placent
599 3115 697 3187 inter
707 3115 878 3212 physicos
891 3115 1116 3209 algebristae.
1141 3115 1239 3189 Narra

217 3228 308 3302 mihi
324 3251 424 3301 nunc
442 3227 694 3323 experimenta
712 3227 775 3300 illa
792 3239 914 3301 vestra
929 3227 1072 3301 critica.

271 3341 319 3414 B.
348 3341 510 3414 Primum
524 3352 580 3412 est
593 3339 639 3412 de
649 3364 765 3414 vacuo
784 3353 822 3413 et
835 3350 969 3413 natura
983 3341 1091 3430 aeris,
1102 3364 1167 3437 per
1181 3360 1242 3412 mor

218 3454 365 3527 chinam
377 3451 574 3549 quandam,
585 3477 696 3549 quam
712 3448 842 3526 vereor
853 3463 896 3526 ut
906 3453 1045 3550 possim
1055 3456 1125 3529 tibi
1141 3449 1244 3528 verbis

219 3566 307 3640 satis
320 3567 510 3663 perspicue
525 3565 732 3640 describere
747 3598 757 3652 ;
780 3590 865 3640 nam
882 3568 1020 3663 pictam
1037 3592 1115 3643 non
1132 3569 1245 3643 habeo.

217 3679 285 3753 Est
301 3703 365 3752 vas
383 3678 568 3776 quoddam
590 3680 760 3769 vitreum,
787 3681 1019 3778 sphaericum,
1048 3704 1247 3761 concavum,

218 3792 482 3888 magnitudinis
499 3806 541 3867 ut
559 3794 681 3890 capiat
701 3795 849 3868 circiter
872 3795 1144 3892 quinquaginta
1159 3815 1249 3893 aquae

219 3905 408 3996 sextarios
427 3906 527 4003 quod
547 3906 734 4003 appellant
744 3908 954 4007 Recipiens.
1007 3909 1133 4006 Hujus
1149 3906 1249 3983 firndo

219 4019 403 4093 immissus
437 4033 494 4093 est
534 4021 683 4095 tubulus
716 4046 840 4112 cavus,
884 4033 1022 4109 rectuS,
1051 4024 1251 4120 prominens

220 4145 326 4206 extra
341 4133 533 4230 recipiens,
554 4159 639 4209 cum
655 4135 845 4225 clavicula,
862 4159 930 4231 per
953 4160 1065 4232 quam
1088 4137 1253 4211 transitus

219 4247 297 4320 aeri
314 4246 373 4319 vel
397 4248 613 4344 prohibetur
630 4248 687 4322 vel
714 4248 929 4323 conceditur
952 4259 1066 4345 prout
1083 4251 1252 4325 volumus.

221 4359 429 4457 Recipienti
447 4360 661 4458 adjungitur
677 4362 896 4436 inserueras
914 4385 1071 4452 aeneum,
1093 4361 1255 4461 cylindri·

221 4495 317 4563 cum,
335 4498 477 4564 cavum,
495 4474 648 4571 longum
671 4477 822 4573 pollices
840 4476 1136 4574 quatuordecim,
1163 4480 1255 4574 cujus

221 4587 390 4662 caritatis
404 4587 582 4662 diameter
599 4601 657 4663 cst
676 4601 751 4664 tres
768 4590 930 4688 pollices
983 4590 1153 4688 Cylindri
1169 4612 1256 4666 sum·
