2618 5092
202 694 276 761 246
519 703 574 757 DE
594 703 766 759 NATURA
783 703 923 759 uultus.

203 878 312 951 laeves
329 896 404 946 non
421 884 589 969 possunt.
653 870 809 963 Deinde,
826 870 881 947 vis
897 870 973 961 illa,
990 894 1074 969 quac
1096 868 1218 945 adsuc-

205 1003 322 1065 torem
348 985 595 1060 revellendum
628 984 837 1076 adhibetur,
867 985 1065 1059 cavitatem
1090 980 1221 1083 cylindri
1280 1064 1282 1081 Ι

206 1100 471 1198 aliquantulum
491 1098 678 1172 distendit.
729 1098 931 1189 Postremo,
959 1098 993 1173 si
1018 1097 1060 1171 in
1084 1094 1221 1172 confinio

208 1214 363 1287 duarum
397 1212 581 1285 dictarum
610 1211 885 1309 superficierum
915 1209 1144 1309 ingrediatur
1164 1230 1225 1283 unt

207 1339 352 1402 tantum
370 1338 514 1399 atomus
530 1323 635 1415 dura,
652 1346 717 1398 aer
732 1347 847 1421 purus
869 1348 915 1399 ea
931 1324 994 1399 via
1008 1322 1226 1423 ingredietur,

209 1451 346 1514 conatu
374 1438 607 1535 quantumvis
633 1437 756 1512 debili.
808 1438 980 1513 Poteram
1006 1438 1120 1513 etiam
1145 1458 1227 1511 com·

208 1565 357 1651 putasse
374 1575 495 1625 aerem
518 1551 634 1642 illum,
652 1552 717 1649 qui
740 1565 895 1649 propter
918 1553 1077 1627 eandem
1101 1572 1228 1627 masau

210 1669 430 1742 insinuasset
457 1689 496 1739 se
524 1688 592 1762 per
624 1664 782 1763 cylindri
811 1665 1008 1740 valvulam.
1061 1664 1229 1740 Sublatam

211 1804 299 1876 ergo
312 1778 414 1853 vides
431 1781 731 1876 consequentiam
747 1804 770 1853 a
786 1781 1012 1856 retractione
1029 1778 1182 1855 auctoris
1193 1773 1231 1850 ad

210 1895 332 1968 locum
373 1917 541 1966 vacuum.
610 1893 859 1990 Sequuturum
892 1894 966 1967 hoc
1004 1916 1150 1991 quoque
1177 1900 1233 1975 ert,

212 2031 334 2080 aerem
351 2006 466 2096 illum,
486 2005 548 2102 qui
571 2005 683 2080 estin
708 2007 870 2082 locuma
894 2018 1044 2083 suctorc
1069 2007 1233 2081 desertura

213 2120 400 2218 impulsus,
415 2120 501 2216 quia
523 2143 657 2216 magna
672 2120 710 2193 vi
735 2120 912 2217 impulsus
928 2132 996 2211 est,
1019 2132 1126 2195 motu
1146 2116 1233 2193 valde

213 2234 323 2307 celeri
340 2245 379 2307 et
395 2257 461 2330 per
478 2233 674 2307 circuitum
698 2233 797 2306 inter
818 2256 1003 2308 summum
1022 2246 1063 2307 et
1079 2235 1188 2306 imum
1206 2230 1235 2303 in

214 2348 380 2446 cylindro
393 2348 532 2419 moveri
545 2378 554 2431 ;
573 2372 655 2420 cum
672 2347 835 2420 nondum
849 2349 896 2421 sit
910 2348 1009 2445 quod
1020 2360 1163 2422 motum
1172 2347 1235 2441 ejus

214 2462 331 2558 possit
348 2459 550 2533 debilitare.
603 2461 681 2533 Scis
704 2474 828 2533 autem
849 2462 940 2534 nihil
968 2460 1163 2558 essequod
1183 2455 1237 2532 sibi

215 2584 359 2645 motum
376 2585 441 2644 aut
457 2573 634 2668 impertiri
652 2573 781 2668 possit,
799 2585 861 2646 aut
880 2573 1097 2647 diminuere.

267 2687 315 2758 B.
341 2686 430 2757 Esto
447 2684 550 2757 locus
568 2685 628 2757 ille
652 2685 802 2758 relictus
825 2685 967 2782 plenus,
986 2699 1029 2760 ut
1051 2686 1155 2775 dicis,
1171 2704 1238 2758 aere

216 2822 320 2895 puro,
348 2797 387 2869 id
421 2809 489 2884 est,
525 2821 593 2893 ego
626 2798 859 2894 interpretor,
895 2824 1053 2896 corpore
1088 2800 1239 2874 aethereo.

220 2908 319 2984 Quid
342 2911 430 3005 jam,
449 2909 480 2982 si
496 2935 600 2983 versa
617 2909 795 2984 clavicula
819 2914 995 2986 transitus
1014 2913 1124 2987 detur
1140 2912 1241 2986 aerie

218 3023 419 3119 recipiente
461 3023 499 3096 in
543 3024 748 3119 subjectum
790 3025 1010 3121 cylindrum,
1042 3041 1243 3102 eventurum

219 3136 352 3234 putas?

272 3250 320 3323 Α.
348 3249 566 3323 Permistum
580 3250 624 3321 iri
637 3263 728 3347 puto
746 3275 867 3324 aerem
881 3263 1094 3351 utrumque,
1109 3267 1148 3328 et
1160 3263 1246 3327 motu

221 3362 350 3435 eodem
367 3362 592 3435 circumferri
611 3363 648 3436 in
666 3377 823 3462 utroque
844 3390 940 3455 vase,
967 3367 1080 3442 celeri
1104 3368 1246 3465 quidem,

222 3476 286 3549 sed
312 3487 417 3549 tanto
452 3478 707 3572 temperatiore
737 3503 846 3574 quam
872 3494 971 3571 ante,
1002 3497 1145 3578 quanto
1167 3483 1249 3555 idem

222 3600 343 3662 motus
360 3591 490 3686 majori
508 3591 704 3685 quantitati
721 3593 815 3665 aeris
832 3596 1141 3670 communicatur.

275 3701 324 3774 B.
351 3702 632 3776 Observavimus
653 3717 789 3795 autem,
815 3728 922 3779 versa
947 3708 1141 3799 clavicula,
1168 3707 1251 3783 soni-

224 3823 303 3884 tum
336 3815 416 3887 fieri
451 3817 554 3912 quasi
588 3818 682 3890 aeris
710 3843 731 3891 e
760 3819 961 3915 recipiente
989 3822 1028 3895 in
1060 3823 1252 3921 cylindrum

224 3926 469 4024 irrumpentis

272 4039 322 4113 A.
351 4040 489 4115 Mirum
506 4044 578 4117 hoc
596 4068 670 4117 non
689 4057 755 4133 est,
768 4058 919 4142 propter
932 4049 1029 4122 aeris
1043 4050 1082 4123 in
1101 4049 1255 4146 cylindro

224 4177 309 4226 cum
338 4178 422 4228 acre
450 4157 658 4252 recipientis
688 4159 925 4234 collisionem.
978 4163 1054 4236 Sed
1084 4161 1257 4262 quomodo

224 4267 304 4342 haec
323 4271 513 4365 explicatis
531 4272 623 4345 vos?

276 4382 325 4456 B.
352 4383 499 4481 Duplici
517 4386 640 4460 modo.
692 4387 813 4460 Primo
832 4400 869 4461 et
891 4390 1038 4484 potiori,
1057 4392 1124 4466 sic.
1177 4393 1259 4487 Sup

224 4495 393 4585 ponimus
411 4498 500 4586 aeri,
514 4498 551 4570 in
571 4522 644 4594 quo
661 4499 829 4590 vivimus,
843 4502 962 4575 inesse
975 4503 1051 4576 vim
1069 4506 1259 4590 clasticam‚

224 4605 343 4698 idest,
357 4633 479 4684 aerem
496 4613 662 4707 partibus
680 4624 848 4688 constare
862 4615 920 4690 vel
935 4617 1069 4692 saltem
1082 4618 1260 4695 abundare
