<?xml version="1.0" encoding="UTF-8"?>
<!DOCTYPE html PUBLIC "-//W3C//DTD XHTML 1.0 Transitional//EN"
    "http://www.w3.org/TR/xhtml1/DTD/xhtml1-transitional.dtd">
<html xmlns="http://www.w3.org/1999/xhtml" xml:lang="en" lang="en">
 <head>
  <title>
</title>
<meta http-equiv="Content-Type" content="text/html;charset=utf-8" />
  <meta name='ocr-system' content='tesseract 3.04.00' />
  <meta name='ocr-capabilities' content='ocr_page ocr_carea ocr_par ocr_line ocrx_word'/>
</head>
<body>
  <div class='ocr_page' id='page_1' title='image "./thomhobbesmalme03hobbgoog_0286.png"; bbox 0 0 2640 5092; ppageno 0'>
   <div class='ocr_carea' id='block_1_1' title="bbox 382 607 1137 687">
    <p class='ocr_par' dir='ltr' id='par_1_1' title="bbox 382 607 1137 687">
     <span class='ocr_line' id='line_1_1' title="bbox 382 607 1137 687; baseline -0.003 -9"><span class='ocrx_word' id='word_1_1' title='bbox 382 626 437 678; x_wconf 79' lang='lat' dir='ltr'>nn</span> <span class='ocrx_word' id='word_1_2' title='bbox 456 626 627 680; x_wconf 74' lang='lat' dir='ltr'>narona</span> <span class='ocrx_word' id='word_1_3' title='bbox 646 623 782 677; x_wconf 72' lang='lat' dir='ltr'>sums.</span> <span class='ocrx_word' id='word_1_4' title='bbox 1028 607 1096 686; x_wconf 77' lang='lat'>271</span> <span class='ocrx_word' id='word_1_5' title='bbox 1129 677 1137 687; x_wconf 82' lang='grc'><em>,</em></span> 
     </span>
    </p>
   </div>
   <div class='ocr_carea' id='block_1_2' title="bbox 51 790 1102 4618">
    <p class='ocr_par' dir='ltr' id='par_1_2' title="bbox 51 790 1102 1339">
     <span class='ocr_line' id='line_1_2' title="bbox 54 790 1101 887; baseline -0.001 -21"><span class='ocrx_word' id='word_1_6' title='bbox 54 790 276 866; x_wconf 75' lang='lat' dir='ltr'><strong>tantundem</strong></span> <span class='ocrx_word' id='word_1_7' title='bbox 303 791 395 866; x_wconf 82' lang='lat' dir='ltr'>facit</span> <span class='ocrx_word' id='word_1_8' title='bbox 419 791 482 865; x_wconf 76' lang='lat' dir='ltr'>tn</span> <span class='ocrx_word' id='word_1_9' title='bbox 506 802 544 865; x_wconf 94' lang='lat' dir='ltr'>et</span> <span class='ocrx_word' id='word_1_10' title='bbox 569 793 630 865; x_wconf 87' lang='lat' dir='ltr'>cA</span> <span class='ocrx_word' id='word_1_11' title='bbox 657 813 891 887; x_wconf 88' lang='lat' dir='ltr'>convergere,</span> <span class='ocrx_word' id='word_1_12' title='bbox 923 801 1101 886; x_wconf 91' lang='lat' dir='ltr'>quantum</span> 
     </span>
     <span class='ocr_line' id='line_1_3' title="bbox 52 903 1102 1001; baseline 0 -23"><span class='ocrx_word' id='word_1_13' title='bbox 52 904 200 1001; x_wconf 87' lang='lat' dir='ltr'>pondus</span> <span class='ocrx_word' id='word_1_14' title='bbox 216 905 257 978; x_wconf 88' lang='lat' dir='ltr'>in</span> <span class='ocrx_word' id='word_1_15' title='bbox 274 903 323 978; x_wconf 79' lang='lat' dir='ltr'>hc</span> <span class='ocrx_word' id='word_1_16' title='bbox 338 903 429 978; x_wconf 82' lang='lat' dir='ltr'>facit</span> <span class='ocrx_word' id='word_1_17' title='bbox 449 904 596 978; x_wconf 90' lang='lat' dir='ltr'>easdem</span> <span class='ocrx_word' id='word_1_18' title='bbox 621 904 823 1000; x_wconf 88' lang='lat' dir='ltr'>divergere.</span> <span class='ocrx_word' id='word_1_19' title='bbox 876 903 962 977; x_wconf 94' lang='lat' dir='ltr'>Non</span> <span class='ocrx_word' id='word_1_20' title='bbox 976 916 1102 1001; x_wconf 90' lang='lat' dir='ltr'>potest</span> 
     </span>
     <span class='ocr_line' id='line_1_4' title="bbox 53 1015 1101 1114; baseline 0.002 -24"><span class='ocrx_word' id='word_1_21' title='bbox 53 1039 146 1113; x_wconf 83' lang='lat' dir='ltr'>ergo</span> <span class='ocrx_word' id='word_1_22' title='bbox 160 1040 249 1114; x_wconf 83' lang='lat' dir='ltr'>pars</span> <span class='ocrx_word' id='word_1_23' title='bbox 267 1015 314 1090; x_wconf 82' lang='lat' dir='ltr'>he</span> <span class='ocrx_word' id='word_1_24' title='bbox 334 1017 502 1114; x_wconf 87' lang='lat' dir='ltr'>(propter</span> <span class='ocrx_word' id='word_1_25' title='bbox 528 1016 836 1111; x_wconf 84' lang='lat' dir='ltr'>magnitudinem)</span> <span class='ocrx_word' id='word_1_26' title='bbox 866 1018 1101 1113; x_wconf 86' lang='lat' dir='ltr'>quantumvis</span> 
     </span>
     <span class='ocr_line' id='line_1_5' title="bbox 52 1129 1100 1227; baseline 0 -24"><span class='ocrx_word' id='word_1_27' title='bbox 52 1129 178 1226; x_wconf 83' lang='lat' dir='ltr'>gravis</span> <span class='ocrx_word' id='word_1_28' title='bbox 203 1130 265 1220; x_wconf 87' lang='lat' dir='ltr'>sit,</span> <span class='ocrx_word' id='word_1_29' title='bbox 290 1129 536 1215; x_wconf 88' lang='lat' dir='ltr'>descendere;</span> <span class='ocrx_word' id='word_1_30' title='bbox 563 1153 682 1226; x_wconf 89' lang='lat' dir='ltr'>neque</span> <span class='ocrx_word' id='word_1_31' title='bbox 713 1153 802 1226; x_wconf 88' lang='lat' dir='ltr'>ergo</span> <span class='ocrx_word' id='word_1_32' title='bbox 832 1153 999 1227; x_wconf 85' lang='lat' dir='ltr'>premere</span> <span class='ocrx_word' id='word_1_33' title='bbox 1024 1129 1100 1204; x_wconf 90' lang='lat' dir='ltr'>sive</span> 
     </span>
     <span class='ocr_line' id='line_1_6' title="bbox 51 1241 864 1339; baseline 0.002 -25"><span class='ocrx_word' id='word_1_34' title='bbox 51 1243 252 1339; x_wconf 81' lang='lat' dir='ltr'>gravitare.</span> <span class='ocrx_word' id='word_1_35' title='bbox 303 1241 415 1318; x_wconf 77' lang='lat' dir='ltr'>Quod</span> <span class='ocrx_word' id='word_1_36' title='bbox 432 1253 511 1316; x_wconf 91' lang='lat' dir='ltr'>erat</span> <span class='ocrx_word' id='word_1_37' title='bbox 528 1241 864 1316; x_wconf 87' lang='lat' dir='ltr'>demonstrandum.</span> 
     </span>
    </p>

    <p class='ocr_par' dir='ltr' id='par_1_3' title="bbox 51 1353 1102 1676">
     <span class='ocr_line' id='line_1_7' title="bbox 102 1353 1101 1453; baseline 0.001 -25"><span class='ocrx_word' id='word_1_38' title='bbox 102 1354 155 1428; x_wconf 89' lang='lat' dir='ltr'>B.</span> <span class='ocrx_word' id='word_1_39' title='bbox 184 1353 296 1429; x_wconf 79' lang='lat' dir='ltr'>Quod</span> <span class='ocrx_word' id='word_1_40' title='bbox 312 1354 431 1428; x_wconf 92' lang='lat' dir='ltr'>solum</span> <span class='ocrx_word' id='word_1_41' title='bbox 449 1354 487 1427; x_wconf 93' lang='lat' dir='ltr'>in</span> <span class='ocrx_word' id='word_1_42' title='bbox 503 1354 704 1428; x_wconf 82' lang='lat' dir='ltr'>Academia</span> <span class='ocrx_word' id='word_1_43' title='bbox 720 1368 848 1429; x_wconf 89' lang='lat' dir='ltr'>nostra</span> <span class='ocrx_word' id='word_1_44' title='bbox 865 1353 912 1428; x_wconf 92' lang='lat' dir='ltr'>ad</span> <span class='ocrx_word' id='word_1_45' title='bbox 938 1355 1101 1453; x_wconf 91' lang='lat' dir='ltr'>philoso-</span> 
     </span>
     <span class='ocr_line' id='line_1_8' title="bbox 51 1465 1102 1565; baseline 0.002 -25"><span class='ocrx_word' id='word_1_46' title='bbox 51 1466 181 1565; x_wconf 89' lang='lat' dir='ltr'>phiam</span> <span class='ocrx_word' id='word_1_47' title='bbox 216 1465 387 1540; x_wconf 79' lang='lat' dir='ltr'>didicisse</span> <span class='ocrx_word' id='word_1_48' title='bbox 420 1491 479 1539; x_wconf 92' lang='lat' dir='ltr'>me</span> <span class='ocrx_word' id='word_1_49' title='bbox 513 1467 791 1556; x_wconf 88' lang='lat' dir='ltr'>somniaveram,</span> <span class='ocrx_word' id='word_1_50' title='bbox 823 1468 894 1541; x_wconf 93' lang='lat' dir='ltr'>hoc</span> <span class='ocrx_word' id='word_1_51' title='bbox 934 1479 976 1541; x_wconf 91' lang='lat' dir='ltr'>tu</span> <span class='ocrx_word' id='word_1_52' title='bbox 1009 1468 1102 1542; x_wconf 92' lang='lat' dir='ltr'>mihi</span> 
     </span>
     <span class='ocr_line' id='line_1_9' title="bbox 51 1578 1099 1676; baseline 0.001 -22"><span class='ocrx_word' id='word_1_53' title='bbox 51 1589 188 1667; x_wconf 90' lang='lat' dir='ltr'>totum,</span> <span class='ocrx_word' id='word_1_54' title='bbox 206 1578 521 1652; x_wconf 84' lang='lat' dir='ltr'>demonstratione</span> <span class='ocrx_word' id='word_1_55' title='bbox 539 1590 605 1651; x_wconf 91' lang='lat' dir='ltr'>tua</span> <span class='ocrx_word' id='word_1_56' title='bbox 626 1578 899 1676; x_wconf 87' lang='lat' dir='ltr'>expergefacto,</span> <span class='ocrx_word' id='word_1_57' title='bbox 917 1578 1099 1655; x_wconf 86' lang='lat' dir='ltr'>ademisti.</span> 
     </span>
    </p>

    <p class='ocr_par' dir='ltr' id='par_1_4' title="bbox 51 1691 1102 3596">
     <span class='ocr_line' id='line_1_10' title="bbox 105 1691 1102 1790; baseline 0.004 -25"><span class='ocrx_word' id='word_1_58' title='bbox 105 1691 156 1765; x_wconf 86' lang='grc' dir='ltr'>Α.</span> <span class='ocrx_word' id='word_1_59' title='bbox 185 1691 351 1789; x_wconf 89' lang='lat' dir='ltr'>Utraque</span> <span class='ocrx_word' id='word_1_60' title='bbox 374 1692 472 1766; x_wconf 92' lang='lat' dir='ltr'>enim</span> <span class='ocrx_word' id='word_1_61' title='bbox 495 1692 558 1765; x_wconf 90' lang='lat' dir='ltr'>illa</span> <span class='ocrx_word' id='word_1_62' title='bbox 584 1693 778 1788; x_wconf 89' lang='lat' dir='ltr'>phantasia</span> <span class='ocrx_word' id='word_1_63' title='bbox 803 1705 884 1767; x_wconf 93' lang='lat' dir='ltr'>tum</span> <span class='ocrx_word' id='word_1_64' title='bbox 909 1695 1102 1790; x_wconf 85' lang='lat' dir='ltr'>gravitatis</span> 
     </span>
     <span class='ocr_line' id='line_1_11' title="bbox 52 1805 1100 1905; baseline 0.003 -26"><span class='ocrx_word' id='word_1_65' title='bbox 52 1806 324 1902; x_wconf 78' lang='lat' dir='ltr'>atmosphaerae,</span> <span class='ocrx_word' id='word_1_66' title='bbox 339 1817 419 1879; x_wconf 92' lang='lat' dir='ltr'>tum</span> <span class='ocrx_word' id='word_1_67' title='bbox 437 1806 492 1879; x_wconf 87' lang='lat' dir='ltr'>vis</span> <span class='ocrx_word' id='word_1_68' title='bbox 510 1805 672 1880; x_wconf 88' lang='lat' dir='ltr'>elasticae</span> <span class='ocrx_word' id='word_1_69' title='bbox 693 1807 769 1879; x_wconf 90' lang='lat' dir='ltr'>sive</span> <span class='ocrx_word' id='word_1_70' title='bbox 787 1805 980 1905; x_wconf 88' lang='lat' dir='ltr'>antitupiae</span> <span class='ocrx_word' id='word_1_71' title='bbox 993 1807 1100 1899; x_wconf 88' lang='lat' dir='ltr'>aeris,</span> 
     </span>
     <span class='ocr_line' id='line_1_12' title="bbox 52 1918 1101 2015; baseline 0.001 -22"><span class='ocrx_word' id='word_1_72' title='bbox 52 1920 238 1993; x_wconf 89' lang='lat' dir='ltr'>somnium</span> <span class='ocrx_word' id='word_1_73' title='bbox 256 1929 347 1992; x_wconf 87' lang='lat' dir='ltr'>erat.</span> <span class='ocrx_word' id='word_1_74' title='bbox 399 1918 588 2015; x_wconf 90' lang='lat' dir='ltr'>Siquidem</span> <span class='ocrx_word' id='word_1_75' title='bbox 605 1931 729 1993; x_wconf 88' lang='lat' dir='ltr'>autem</span> <span class='ocrx_word' id='word_1_76' title='bbox 747 1919 818 1992; x_wconf 93' lang='lat' dir='ltr'>illis</span> <span class='ocrx_word' id='word_1_77' title='bbox 836 1918 1101 1995; x_wconf 85' lang='lat' dir='ltr'>concederetur</span> 
     </span>
     <span class='ocr_line' id='line_1_13' title="bbox 52 2031 1101 2129; baseline 0.002 -23"><span class='ocrx_word' id='word_1_78' title='bbox 52 2056 134 2106; x_wconf 90' lang='lat' dir='ltr'>esse</span> <span class='ocrx_word' id='word_1_79' title='bbox 151 2032 312 2129; x_wconf 89' lang='lat' dir='ltr'>aliquam</span> <span class='ocrx_word' id='word_1_80' title='bbox 328 2031 367 2105; x_wconf 86' lang='lat' dir='ltr'>in</span> <span class='ocrx_word' id='word_1_81' title='bbox 384 2031 529 2105; x_wconf 91' lang='lat' dir='ltr'>filiculis</span> <span class='ocrx_word' id='word_1_82' title='bbox 542 2032 638 2105; x_wconf 86' lang='lat' dir='ltr'>aeris</span> <span class='ocrx_word' id='word_1_83' title='bbox 655 2031 887 2128; x_wconf 89' lang='lat' dir='ltr'>antitupiam‚</span> <span class='ocrx_word' id='word_1_84' title='bbox 901 2047 1101 2128; x_wconf 77' lang='lat' dir='ltr'>quaereret·</span> 
     </span>
     <span class='ocr_line' id='line_1_14' title="bbox 53 2143 1100 2242; baseline -0.001 -22"><span class='ocrx_word' id='word_1_85' title='bbox 53 2170 127 2242; x_wconf 89' lang='lat' dir='ltr'>que</span> <span class='ocrx_word' id='word_1_86' title='bbox 137 2145 271 2242; x_wconf 91' lang='lat' dir='ltr'>aliquis</span> <span class='ocrx_word' id='word_1_87' title='bbox 281 2143 380 2218; x_wconf 89' lang='lat' dir='ltr'>unde</span> <span class='ocrx_word' id='word_1_88' title='bbox 391 2144 623 2235; x_wconf 87' lang='lat' dir='ltr'>illa,curvata</span> <span class='ocrx_word' id='word_1_89' title='bbox 632 2144 780 2241; x_wconf 88' lang='lat' dir='ltr'>quidem</span> <span class='ocrx_word' id='word_1_90' title='bbox 791 2145 1100 2240; x_wconf 84' lang='lat' dir='ltr'>sedquiescent-ia,</span> 
     </span>
     <span class='ocr_line' id='line_1_15' title="bbox 51 2257 1101 2348; baseline 0 -17"><span class='ocrx_word' id='word_1_91' title='bbox 51 2268 293 2332; x_wconf 85' lang='lat' dir='ltr'>moverentur</span> <span class='ocrx_word' id='word_1_92' title='bbox 317 2281 442 2331; x_wconf 91' lang='lat' dir='ltr'>rursus</span> <span class='ocrx_word' id='word_1_93' title='bbox 459 2257 506 2330; x_wconf 90' lang='lat' dir='ltr'>ad</span> <span class='ocrx_word' id='word_1_94' title='bbox 530 2258 814 2331; x_wconf 87' lang='lat' dir='ltr'>rectitudinem:</span> <span class='ocrx_word' id='word_1_95' title='bbox 842 2257 1019 2330; x_wconf 89' lang='lat' dir='ltr'>deberent</span> <span class='ocrx_word' id='word_1_96' title='bbox 1035 2257 1101 2348; x_wconf 92' lang='lat' dir='ltr'>illi,</span> 
     </span>
     <span class='ocr_line' id='line_1_16' title="bbox 52 2369 1102 2467; baseline 0 -23"><span class='ocrx_word' id='word_1_97' title='bbox 52 2370 245 2467; x_wconf 90' lang='lat' dir='ltr'>siphysici</span> <span class='ocrx_word' id='word_1_98' title='bbox 261 2370 390 2443; x_wconf 87' lang='lat' dir='ltr'>haberi</span> <span class='ocrx_word' id='word_1_99' title='bbox 403 2370 543 2458; x_wconf 90' lang='lat' dir='ltr'>volunt,</span> <span class='ocrx_word' id='word_1_100' title='bbox 562 2393 710 2443; x_wconf 91' lang='lat' dir='ltr'>causam</span> <span class='ocrx_word' id='word_1_101' title='bbox 727 2372 806 2466; x_wconf 86' lang='lat' dir='ltr'>ejus</span> <span class='ocrx_word' id='word_1_102' title='bbox 828 2369 989 2466; x_wconf 88' lang='lat' dir='ltr'>aliquam</span> <span class='ocrx_word' id='word_1_103' title='bbox 1014 2394 1102 2466; x_wconf 91' lang='lat' dir='ltr'>pos·</span> 
     </span>
     <span class='ocr_line' id='line_1_17' title="bbox 52 2482 1100 2579; baseline -0.001 -23"><span class='ocrx_word' id='word_1_104' title='bbox 52 2483 198 2556; x_wconf 87' lang='lat' dir='ltr'>sibilem</span> <span class='ocrx_word' id='word_1_105' title='bbox 216 2483 414 2579; x_wconf 87' lang='lat' dir='ltr'>assignare.</span> <span class='ocrx_word' id='word_1_106' title='bbox 466 2483 614 2578; x_wconf 80' lang='lat' dir='ltr'>Alioqui</span> <span class='ocrx_word' id='word_1_107' title='bbox 631 2482 730 2556; x_wconf 90' lang='lat' dir='ltr'>idem</span> <span class='ocrx_word' id='word_1_108' title='bbox 756 2482 894 2556; x_wconf 84' lang='lat' dir='ltr'>facient</span> <span class='ocrx_word' id='word_1_109' title='bbox 917 2482 1017 2579; x_wconf 89' lang='lat' dir='ltr'>quod</span> <span class='ocrx_word' id='word_1_110' title='bbox 1035 2483 1100 2574; x_wconf 93' lang='lat' dir='ltr'>illi,</span> 
     </span>
     <span class='ocr_line' id='line_1_18' title="bbox 52 2594 1098 2694; baseline 0 -25"><span class='ocrx_word' id='word_1_111' title='bbox 52 2596 117 2692; x_wconf 92' lang='lat' dir='ltr'>qui</span> <span class='ocrx_word' id='word_1_112' title='bbox 139 2594 188 2668; x_wconf 89' lang='lat' dir='ltr'>ad</span> <span class='ocrx_word' id='word_1_113' title='bbox 215 2595 443 2691; x_wconf 85' lang='lat' dir='ltr'>questionem</span> <span class='ocrx_word' id='word_1_114' title='bbox 466 2604 613 2691; x_wconf 84' lang='lat' dir='ltr'>quotam</span> <span class='ocrx_word' id='word_1_115' title='bbox 638 2596 763 2669; x_wconf 81' lang='lat' dir='ltr'>sonuit</span> <span class='ocrx_word' id='word_1_116' title='bbox 786 2595 1008 2694; x_wconf 87' lang='lat' dir='ltr'>respondere</span> <span class='ocrx_word' id='word_1_117' title='bbox 1032 2620 1098 2670; x_wconf 88' lang='lat' dir='ltr'>au-</span> 
     </span>
     <span class='ocr_line' id='line_1_19' title="bbox 52 2706 1099 2804; baseline 0.004 -25"><span class='ocrx_word' id='word_1_118' title='bbox 52 2707 157 2795; x_wconf 86' lang='lat' dir='ltr'>dent,</span> <span class='ocrx_word' id='word_1_119' title='bbox 193 2730 402 2804; x_wconf 89' lang='lat' dir='ltr'>quanquam</span> <span class='ocrx_word' id='word_1_120' title='bbox 436 2706 597 2804; x_wconf 88' lang='lat' dir='ltr'>primum</span> <span class='ocrx_word' id='word_1_121' title='bbox 631 2707 746 2780; x_wconf 89' lang='lat' dir='ltr'>ictum</span> <span class='ocrx_word' id='word_1_122' title='bbox 781 2732 856 2781; x_wconf 92' lang='lat' dir='ltr'>non</span> <span class='ocrx_word' id='word_1_123' title='bbox 891 2708 1099 2784; x_wconf 86' lang='lat' dir='ltr'>audieruut.</span> 
     </span>
     <span class='ocr_line' id='line_1_20' title="bbox 53 2819 1101 2918; baseline 0.001 -24"><span class='ocrx_word' id='word_1_124' title='bbox 53 2820 250 2908; x_wconf 80' lang='lat' dir='ltr'>Praeterea,</span> <span class='ocrx_word' id='word_1_125' title='bbox 268 2821 299 2892; x_wconf 91' lang='lat' dir='ltr'>si</span> <span class='ocrx_word' id='word_1_126' title='bbox 316 2819 488 2917; x_wconf 91' lang='lat' dir='ltr'>possibile</span> <span class='ocrx_word' id='word_1_127' title='bbox 503 2843 581 2892; x_wconf 90' lang='lat' dir='ltr'>esse</span> <span class='ocrx_word' id='word_1_128' title='bbox 599 2843 784 2915; x_wconf 83' lang='lat' dir='ltr'>negarem,</span> <span class='ocrx_word' id='word_1_129' title='bbox 799 2831 840 2894; x_wconf 89' lang='lat' dir='ltr'>ut</span> <span class='ocrx_word' id='word_1_130' title='bbox 858 2820 1049 2918; x_wconf 88' lang='lat' dir='ltr'>diligentia</span> <span class='ocrx_word' id='word_1_131' title='bbox 1062 2835 1101 2896; x_wconf 88' lang='lat' dir='ltr'>et</span> 
     </span>
     <span class='ocr_line' id='line_1_21' title="bbox 51 2931 1099 3029; baseline 0 -22"><span class='ocrx_word' id='word_1_132' title='bbox 51 2944 134 3007; x_wconf 85' lang='lat' dir='ltr'>arte</span> <span class='ocrx_word' id='word_1_133' title='bbox 161 2932 323 3005; x_wconf 90' lang='lat' dir='ltr'>humana</span> <span class='ocrx_word' id='word_1_134' title='bbox 344 2931 427 3005; x_wconf 85' lang='lat' dir='ltr'>duoe</span> <span class='ocrx_word' id='word_1_135' title='bbox 454 2933 664 3028; x_wconf 87' lang='lat' dir='ltr'>superficies</span> <span class='ocrx_word' id='word_1_136' title='bbox 698 2956 895 3029; x_wconf 87' lang='lat' dir='ltr'>corporum</span> <span class='ocrx_word' id='word_1_137' title='bbox 922 2934 1099 3007; x_wconf 90' lang='lat' dir='ltr'>durorum</span> 
     </span>
     <span class='ocr_line' id='line_1_22' title="bbox 52 3045 1100 3144; baseline 0.002 -24"><span class='ocrx_word' id='word_1_138' title='bbox 52 3048 151 3120; x_wconf 88' lang='lat' dir='ltr'>iuter</span> <span class='ocrx_word' id='word_1_139' title='bbox 180 3069 219 3118; x_wconf 85' lang='lat' dir='ltr'>se</span> <span class='ocrx_word' id='word_1_140' title='bbox 249 3068 316 3142; x_wconf 90' lang='lat' dir='ltr'>per</span> <span class='ocrx_word' id='word_1_141' title='bbox 341 3045 465 3118; x_wconf 90' lang='lat' dir='ltr'>omnia</span> <span class='ocrx_word' id='word_1_142' title='bbox 480 3057 620 3142; x_wconf 89' lang='lat' dir='ltr'>puncta</span> <span class='ocrx_word' id='word_1_143' title='bbox 646 3046 699 3119; x_wconf 87' lang='lat' dir='ltr'>ita</span> <span class='ocrx_word' id='word_1_144' title='bbox 725 3060 897 3120; x_wconf 89' lang='lat' dir='ltr'>accurate</span> <span class='ocrx_word' id='word_1_145' title='bbox 926 3071 1100 3144; x_wconf 76' lang='lat' dir='ltr'>congruae</span> 
     </span>
     <span class='ocr_line' id='line_1_23' title="bbox 52 3159 1099 3256; baseline 0.001 -24"><span class='ocrx_word' id='word_1_146' title='bbox 52 3161 147 3232; x_wconf 84' lang='lat' dir='ltr'>fiant</span> <span class='ocrx_word' id='word_1_147' title='bbox 175 3169 218 3232; x_wconf 92' lang='lat' dir='ltr'>ut</span> <span class='ocrx_word' id='word_1_148' title='bbox 247 3182 294 3231; x_wconf 88' lang='lat' dir='ltr'>ne</span> <span class='ocrx_word' id='word_1_149' title='bbox 327 3159 479 3232; x_wconf 90' lang='lat' dir='ltr'>minimo</span> <span class='ocrx_word' id='word_1_150' title='bbox 513 3159 662 3255; x_wconf 91' lang='lat' dir='ltr'>quidem</span> <span class='ocrx_word' id='word_1_151' title='bbox 696 3161 913 3256; x_wconf 87' lang='lat' dir='ltr'>corpusculo</span> <span class='ocrx_word' id='word_1_152' title='bbox 947 3161 1099 3234; x_wconf 87' lang='lat' dir='ltr'>creabili</span> 
     </span>
     <span class='ocr_line' id='line_1_24' title="bbox 51 3271 1099 3368; baseline 0.002 -23"><span class='ocrx_word' id='word_1_153' title='bbox 51 3272 230 3346; x_wconf 87' lang='lat' dir='ltr'>transitus</span> <span class='ocrx_word' id='word_1_154' title='bbox 247 3271 495 3367; x_wconf 89' lang='lat' dir='ltr'>permittatur,</span> <span class='ocrx_word' id='word_1_155' title='bbox 512 3296 588 3345; x_wconf 90' lang='lat' dir='ltr'>non</span> <span class='ocrx_word' id='word_1_156' title='bbox 608 3272 712 3345; x_wconf 89' lang='lat' dir='ltr'>video</span> <span class='ocrx_word' id='word_1_157' title='bbox 738 3272 923 3368; x_wconf 91' lang='lat' dir='ltr'>quomodo</span> <span class='ocrx_word' id='word_1_158' title='bbox 953 3273 1006 3346; x_wconf 93' lang='lat' dir='ltr'>illi</span> <span class='ocrx_word' id='word_1_159' title='bbox 1034 3284 1099 3348; x_wconf 92' lang='lat' dir='ltr'>aut</span> 
     </span>
     <span class='ocr_line' id='line_1_25' title="bbox 53 3383 1099 3481; baseline 0.002 -22"><span class='ocrx_word' id='word_1_160' title='bbox 53 3409 157 3459; x_wconf 89' lang='lat' dir='ltr'>suam</span> <span class='ocrx_word' id='word_1_161' title='bbox 185 3383 418 3481; x_wconf 85' lang='lat' dir='ltr'>hypothesim</span> <span class='ocrx_word' id='word_1_162' title='bbox 448 3384 555 3473; x_wconf 92' lang='lat' dir='ltr'>tueri,</span> <span class='ocrx_word' id='word_1_163' title='bbox 583 3399 649 3458; x_wconf 87' lang='lat' dir='ltr'>aut</span> <span class='ocrx_word' id='word_1_164' title='bbox 670 3387 904 3481; x_wconf 88' lang='lat' dir='ltr'>negationem</span> <span class='ocrx_word' id='word_1_165' title='bbox 933 3396 1099 3461; x_wconf 91' lang='lat' dir='ltr'>nostram</span> 
     </span>
     <span class='ocr_line' id='line_1_26' title="bbox 53 3497 760 3596; baseline 0 -24"><span class='ocrx_word' id='word_1_166' title='bbox 53 3497 301 3596; x_wconf 92' lang='lat' dir='ltr'>improbitatis</span> <span class='ocrx_word' id='word_1_167' title='bbox 318 3521 484 3593; x_wconf 86' lang='lat' dir='ltr'>arguere,</span> <span class='ocrx_word' id='word_1_168' title='bbox 497 3498 581 3592; x_wconf 89' lang='lat' dir='ltr'>jure</span> <span class='ocrx_word' id='word_1_169' title='bbox 598 3512 760 3595; x_wconf 90' lang='lat' dir='ltr'>possent.</span> 
     </span>
    </p>

    <p class='ocr_par' dir='ltr' id='par_1_5' title="bbox 51 3609 1099 4618">
     <span class='ocr_line' id='line_1_27' title="bbox 101 3609 1099 3707; baseline 0.003 -22"><span class='ocrx_word' id='word_1_170' title='bbox 101 3612 153 3685; x_wconf 92' lang='lat' dir='ltr'>B.</span> <span class='ocrx_word' id='word_1_171' title='bbox 181 3609 481 3707; x_wconf 83' lang='lat' dir='ltr'>Experimentum</span> <span class='ocrx_word' id='word_1_172' title='bbox 499 3609 607 3684; x_wconf 91' lang='lat' dir='ltr'>tibia</span> <span class='ocrx_word' id='word_1_173' title='bbox 630 3612 800 3684; x_wconf 87' lang='lat' dir='ltr'>machina</span> <span class='ocrx_word' id='word_1_174' title='bbox 827 3627 955 3686; x_wconf 89' lang='lat' dir='ltr'>nostra</span> <span class='ocrx_word' id='word_1_175' title='bbox 977 3613 1099 3688; x_wconf 90' lang='lat' dir='ltr'>adhuc</span> 
     </span>
     <span class='ocr_line' id='line_1_28' title="bbox 52 3723 1099 3823; baseline 0.002 -25"><span class='ocrx_word' id='word_1_176' title='bbox 52 3749 180 3811; x_wconf 90' lang='lat' dir='ltr'>unum,</span> <span class='ocrx_word' id='word_1_177' title='bbox 215 3723 297 3817; x_wconf 92' lang='lat' dir='ltr'>(sed</span> <span class='ocrx_word' id='word_1_178' title='bbox 330 3724 494 3797; x_wconf 90' lang='lat' dir='ltr'>omnium</span> <span class='ocrx_word' id='word_1_179' title='bbox 520 3723 862 3818; x_wconf 84' lang='lat' dir='ltr'>mirabilissimnm),</span> <span class='ocrx_word' id='word_1_180' title='bbox 892 3749 961 3799; x_wconf 91' lang='lat' dir='ltr'>nec</span> <span class='ocrx_word' id='word_1_181' title='bbox 991 3728 1099 3823; x_wconf 89' lang='lat' dir='ltr'>plura</span> 
     </span>
     <span class='ocr_line' id='line_1_29' title="bbox 52 3836 1099 3935; baseline 0 -23"><span class='ocrx_word' id='word_1_182' title='bbox 52 3840 222 3912; x_wconf 86' lang='lat' dir='ltr'>referam.</span> <span class='ocrx_word' id='word_1_183' title='bbox 275 3838 468 3910; x_wconf 88' lang='lat' dir='ltr'>Suetorem</span> <span class='ocrx_word' id='word_1_184' title='bbox 487 3836 549 3933; x_wconf 91' lang='lat' dir='ltr'>qui</span> <span class='ocrx_word' id='word_1_185' title='bbox 565 3860 682 3934; x_wconf 87' lang='lat' dir='ltr'>usque</span> <span class='ocrx_word' id='word_1_186' title='bbox 707 3837 754 3912; x_wconf 90' lang='lat' dir='ltr'>ad</span> <span class='ocrx_word' id='word_1_187' title='bbox 772 3839 930 3935; x_wconf 89' lang='lat' dir='ltr'>cylindri</span> <span class='ocrx_word' id='word_1_188' title='bbox 950 3841 1099 3913; x_wconf 89' lang='lat' dir='ltr'>summi·</span> 
     </span>
     <span class='ocr_line' id='line_1_30' title="bbox 51 3950 1098 4048; baseline -0.001 -21"><span class='ocrx_word' id='word_1_189' title='bbox 51 3964 169 4027; x_wconf 91' lang='lat' dir='ltr'>tatem</span> <span class='ocrx_word' id='word_1_190' title='bbox 185 3952 348 4025; x_wconf 91' lang='lat' dir='ltr'>intrusus</span> <span class='ocrx_word' id='word_1_191' title='bbox 365 3950 497 4039; x_wconf 85' lang='lat' dir='ltr'>fuerat,</span> <span class='ocrx_word' id='word_1_192' title='bbox 515 3964 709 4048; x_wconf 88' lang='lat' dir='ltr'>postquam</span> <span class='ocrx_word' id='word_1_193' title='bbox 728 3952 847 4025; x_wconf 90' lang='lat' dir='ltr'>omnis</span> <span class='ocrx_word' id='word_1_194' title='bbox 873 3955 949 4026; x_wconf 87' lang='lat' dir='ltr'>aeri</span> <span class='ocrx_word' id='word_1_195' title='bbox 977 3952 1098 4026; x_wconf 88' lang='lat' dir='ltr'>aditus</span> 
     </span>
     <span class='ocr_line' id='line_1_31' title="bbox 52 4063 1097 4152; baseline -0.001 -14"><span class='ocrx_word' id='word_1_196' title='bbox 52 4066 222 4139; x_wconf 89' lang='lat' dir='ltr'>occlusus</span> <span class='ocrx_word' id='word_1_197' title='bbox 256 4075 364 4152; x_wconf 89' lang='lat' dir='ltr'>esset,</span> <span class='ocrx_word' id='word_1_198' title='bbox 395 4063 431 4135; x_wconf 87' lang='lat' dir='ltr'>vi</span> <span class='ocrx_word' id='word_1_199' title='bbox 462 4087 639 4136; x_wconf 86' lang='lat' dir='ltr'>manuum</span> <span class='ocrx_word' id='word_1_200' title='bbox 668 4065 717 4137; x_wconf 91' lang='lat' dir='ltr'>ad</span> <span class='ocrx_word' id='word_1_201' title='bbox 746 4065 861 4138; x_wconf 92' lang='lat' dir='ltr'>imum</span> <span class='ocrx_word' id='word_1_202' title='bbox 895 4077 1097 4139; x_wconf 86' lang='lat' dir='ltr'>retractum</span> 
     </span>
     <span class='ocr_line' id='line_1_32' title="bbox 52 4176 1098 4274; baseline -0.001 -24"><span class='ocrx_word' id='word_1_203' title='bbox 52 4178 210 4252; x_wconf 83' lang='lat' dir='ltr'>vidimus</span> <span class='ocrx_word' id='word_1_204' title='bbox 226 4205 235 4248; x_wconf 76' lang='grc' dir='ltr'><strong>ε</strong></span> <span class='ocrx_word' id='word_1_205' title='bbox 261 4177 315 4249; x_wconf 90' lang='lat' dir='ltr'>ita</span> <span class='ocrx_word' id='word_1_206' title='bbox 332 4189 375 4250; x_wconf 91' lang='lat' dir='ltr'>ut</span> <span class='ocrx_word' id='word_1_207' title='bbox 392 4176 551 4272; x_wconf 88' lang='lat' dir='ltr'>spatium</span> <span class='ocrx_word' id='word_1_208' title='bbox 574 4178 611 4250; x_wconf 90' lang='lat' dir='ltr'>in</span> <span class='ocrx_word' id='word_1_209' title='bbox 629 4178 795 4274; x_wconf 89' lang='lat' dir='ltr'>cylindro</span> <span class='ocrx_word' id='word_1_210' title='bbox 825 4203 981 4252; x_wconf 88' lang='lat' dir='ltr'>vacuum</span> <span class='ocrx_word' id='word_1_211' title='bbox 1008 4178 1098 4251; x_wconf 88' lang='lat' dir='ltr'>satis</span> 
     </span>
     <span class='ocr_line' id='line_1_33' title="bbox 52 4291 1098 4389; baseline -0.001 -25"><span class='ocrx_word' id='word_1_212' title='bbox 52 4315 228 4388; x_wconf 88' lang='lat' dir='ltr'>magnum</span> <span class='ocrx_word' id='word_1_213' title='bbox 246 4301 355 4363; x_wconf 87' lang='lat' dir='ltr'>esset.</span> <span class='ocrx_word' id='word_1_214' title='bbox 408 4291 556 4363; x_wconf 89' lang='lat' dir='ltr'>Suotori</span> <span class='ocrx_word' id='word_1_215' title='bbox 574 4291 706 4365; x_wconf 90' lang='lat' dir='ltr'>deinde</span> <span class='ocrx_word' id='word_1_216' title='bbox 723 4291 868 4388; x_wconf 93' lang='lat' dir='ltr'>pondus</span> <span class='ocrx_word' id='word_1_217' title='bbox 885 4292 968 4389; x_wconf 93' lang='lat' dir='ltr'>plus</span> <span class='ocrx_word' id='word_1_218' title='bbox 986 4314 1098 4387; x_wconf 88' lang='lat' dir='ltr'>quam</span> 
     </span>
     <span class='ocr_line' id='line_1_34' title="bbox 52 4403 1099 4500; baseline 0 -23"><span class='ocrx_word' id='word_1_219' title='bbox 52 4416 203 4478; x_wconf 88' lang='lat' dir='ltr'>centum</span> <span class='ocrx_word' id='word_1_220' title='bbox 219 4403 396 4476; x_wconf 89' lang='lat' dir='ltr'>librarum</span> <span class='ocrx_word' id='word_1_221' title='bbox 421 4427 622 4500; x_wconf 88' lang='lat' dir='ltr'>appensum</span> <span class='ocrx_word' id='word_1_222' title='bbox 650 4404 732 4478; x_wconf 85' lang='lat' dir='ltr'>fuit.</span> <span class='ocrx_word' id='word_1_223' title='bbox 783 4404 951 4478; x_wconf 89' lang='lat' dir='ltr'>Vidimus</span> <span class='ocrx_word' id='word_1_224' title='bbox 978 4416 1099 4478; x_wconf 90' lang='lat' dir='ltr'>sucto-</span> 
     </span>
     <span class='ocr_line' id='line_1_35' title="bbox 52 4516 1098 4618; baseline 0.002 -27"><span class='ocrx_word' id='word_1_225' title='bbox 52 4541 143 4609; x_wconf 88' lang='lat' dir='ltr'>rem,</span> <span class='ocrx_word' id='word_1_226' title='bbox 158 4517 265 4592; x_wconf 89' lang='lat' dir='ltr'>simul</span> <span class='ocrx_word' id='word_1_227' title='bbox 285 4541 328 4592; x_wconf 86' lang='lat' dir='ltr'>ac</span> <span class='ocrx_word' id='word_1_228' title='bbox 354 4516 561 4591; x_wconf 86' lang='lat' dir='ltr'>libertatem</span> <span class='ocrx_word' id='word_1_229' title='bbox 589 4529 720 4593; x_wconf 87' lang='lat' dir='ltr'>nactus</span> <span class='ocrx_word' id='word_1_230' title='bbox 745 4528 854 4608; x_wconf 89' lang='lat' dir='ltr'>esset,</span> <span class='ocrx_word' id='word_1_231' title='bbox 872 4541 939 4591; x_wconf 88' lang='lat' dir='ltr'>sua</span> <span class='ocrx_word' id='word_1_232' title='bbox 967 4530 1098 4618; x_wconf 86' lang='lat' dir='ltr'>sponte</span> 
     </span>
    </p>
   </div>
   <div class='ocr_carea' id='block_1_3' title="bbox 0 0 1324 5092">
    <p class='ocr_par' dir='ltr' id='par_1_6' title="bbox 0 0 1324 5092">
     <span class='ocr_line' id='line_1_36' title="bbox 0 0 1324 5092; baseline 0 0"><span class='ocrx_word' id='word_1_233' title='bbox 0 0 1324 5092; x_wconf 95' lang='lat' dir='ltr'> </span> 
     </span>
    </p>
   </div>
  </div>
 </body>
</html>
