2618 5092
215 680 288 749 282
540 693 939 749 nnneruaaaams.

264 861 314 934 A.
342 858 394 934 Ut
424 858 647 956 diapbnnum
676 859 867 957 quodlibet
895 870 953 935 est
976 858 1177 959 speculum,
1198 859 1239 935 n‘c

215 996 361 1069 quoque
381 984 505 1069 partes
531 974 611 1069 ejus
635 972 982 1071 quantulacunque,
997 972 1072 1049 nisi
1085 972 1241 1071 planant

215 1088 254 1161 in
271 1088 402 1161 eodem
426 1086 538 1183 plano
564 1086 651 1175 sint,
671 1096 760 1161 sunt
773 1085 931 1161 totidem
946 1084 1110 1183 speculo,
1125 1109 1242 1183 reprc-

215 1210 434 1297 sentantque
448 1198 604 1273 totidem
618 1199 764 1295 objecta
778 1198 989 1289 lenimen
1004 1197 1243 1289 minutinima,

215 1337 370 1411 qnorum
406 1312 584 1409 imagines
616 1310 794 1387 confertae
826 1312 1004 1389 exhibent
1037 1335 1116 1391 nou
1146 1334 1245 1389 unum

215 1425 380 1500 lucidum
395 1448 582 1522 magnum,
594 1424 661 1499 sed
677 1448 723 1499 ex
740 1424 912 1501 omnibus
927 1424 1131 1501 conflatum
1145 1448 1246 1501 unum

216 1538 378 1613 colorem
395 1540 444 1613 ad
459 1538 580 1613 locem
592 1538 758 1635 proxime
773 1538 1024 1628 accedentem,
1035 1562 1148 1637 quum
1156 1562 1247 1615 roon-

217 1675 298 1725 mus
332 1651 547 1725 albedinem.
604 1650 735 1749 ltaque
768 1675 979 1748 corporum,
1012 1676 1099 1749 qum
1130 1664 1249 1727 natum

215 1764 300 1838 albu
316 1777 414 1851 sunt,
431 1763 643 1862 superficies
664 1774 837 1839 constant
861 1787 908 1839 ex
926 1765 1190 1862 superficiebus
1203 1766 1249 1841 in·

215 1878 389 1966 numeris,
407 1901 484 1974 prae
502 1876 704 1973 exiguitate
720 1876 870 1973 quidem
886 1876 1079 1974 sigillatim
1090 1878 1173 1953 risu
1187 1900 1250 1953 non

214 1990 528 2089 perceptibilibus,
545 1990 720 2067 convexis
736 2001 872 2080 tamem
892 2003 932 2065 et
948 2014 1016 2088 per
1032 2012 1251 2089 consequens

215 2104 335 2179 lucem
353 2104 407 2178 ita
422 2102 709 2191 reflectentibus,
727 2114 769 2177 ut
785 2103 833 2177 ab
850 2103 951 2179 omni
971 2115 1082 2200 parte
1104 2102 1154 2179 ud
1175 2126 1252 2179 ocn-

216 2218 293 2292 lum
319 2216 512 2314 pervenire
538 2215 656 2311 possit
683 2225 829 2289 tuntum
855 2215 1057 2305 radiorum,
1084 2228 1253 2314 qnantum

216 2331 350 2405 sufficit
379 2329 426 2403 ad
455 2328 662 2403 faciendam
686 2328 887 2413 visionem;
913 2329 1014 2426 quod
1041 2330 1192 2427 quidem
1213 2328 1252 2403 ab

217 2468 291 2517 nna
307 2442 472 2539 simplice
491 2440 682 2536 superficie
699 2440 780 2513 fieri
797 2465 869 2514 non
890 2454 1024 2537 potest.

267 2558 317 2630 B.
345 2555 501 2631 Qualem
520 2567 643 2629 autem
666 2554 895 2649 superficiem
912 2555 1050 2629 habere
1071 2555 1183 2631 debet
1198 2555 1254 2630 ob

212 2670 368 2764 jectum,
385 2679 427 2740 ut
444 2678 619 2764 appareat
637 2667 811 2762 nigrum?

267 2778 313 2855 A.
341 2781 394 2854 Ut
410 2779 532 2852 olbam
549 2780 634 2867 luci,
647 2781 700 2852 ita
716 2779 862 2879 nigrum
879 2781 1041 2854 tenebris
1059 2780 1178 2856 simile
1194 2790 1253 2855 et.

133 2973 139 2983 ,
216 2895 265 2966 Et
294 2905 489 2991 propterea
516 2893 726 2989 superficies
757 2892 921 2989 corporis
948 2893 1047 2989 nigri
1074 2894 1160 2968 talis
1184 2917 1255 2969 esse

218 3007 338 3096 debet,
355 3017 397 3079 ut
420 3005 541 3079 nullus
567 3005 691 3078 radius
711 3004 786 3098 (vel
808 3005 1034 3101 paucissimi)
1055 3031 1185 3081 eorum
1200 3005 1256 3104 qni

217 3120 264 3194 ab
282 3118 428 3215 objecto
443 3116 567 3191 lucido
585 3117 623 3190 in
647 3141 730 3190 eam
755 3118 934 3206 incidunt,
952 3119 1096 3193 reflecti
1112 3122 1166 3195 ita
1180 3144 1255 3217 pos

217 3233 276 3323 sit,
294 3245 337 3306 ut
354 3232 402 3306 ad
421 3231 568 3305 oculum
586 3229 778 3327 perveniat
794 3231 1004 3329 ubicunque
1020 3234 1195 3329 positum.

269 3344 318 3420 Β.
347 3343 564 3420 Qualisnam
582 3355 640 3415 est
657 3342 746 3415 illa?

268 3455 314 3531 A.
341 3459 396 3531 En
408 3481 490 3553 quae
508 3456 742 3552 componitur
758 3478 805 3528 ex
821 3457 1000 3550 partibus,
1011 3457 1258 3533 minutissimis

219 3570 368 3667 quidem
384 3582 422 3643 et
439 3593 521 3664 quae
538 3569 657 3641 visum
680 3567 834 3664 singulae
859 3568 1019 3667 fugiunt,
1037 3572 1105 3646 sed
1122 3572 1257 3647 erectis.

219 3685 316 3757 Nam
334 3683 365 3756 si
382 3682 637 3756 minutissimae
655 3681 729 3755 sint
746 3681 957 3779 eaedemque
975 3696 1124 3771 erectae,
1148 3683 1258 3759 omnis

218 3796 342 3870 radius
359 3796 396 3868 in
415 3819 496 3868 eum
519 3794 683 3868 incidens
701 3819 724 3868 a
741 3795 863 3868 lucido
888 3796 1036 3892 obJecto
1054 3799 1258 3894 ubicunque

218 3909 351 4006 posito,
369 3909 579 3983 reflectatur
596 3909 634 3981 in
651 3908 857 4003 subjectum
876 3932 1021 4005 corpus,
1039 3923 1080 3985 et
1096 3935 1164 4008 per
1180 3934 1259 3985 oon·

219 4046 374 4118 sequens
391 4021 438 4095 ad
452 4023 599 4096 oculum
609 4021 733 4095 venire
747 4045 822 4094 non
839 4030 982 4117 potest:
1001 4034 1039 4099 et
1053 4024 1108 4100 sio
1120 4026 1259 4125 nigrum

218 4147 388 4209 nontam
405 4136 563 4226 videtur,
588 4160 698 4232 quum
715 4159 739 4208 a
756 4135 1017 4211 circumstante
1035 4139 1172 4214 visibili
1191 4138 1258 4213 dis»

219 4249 413 4345 tinguitur.

271 4363 320 4436 B.
349 4363 457 4436 Hanc
488 4363 605 4459 ipsam
633 4362 837 4460 nigredinis
863 4386 1013 4438 causum
1039 4364 1202 4442 reddidit
1224 4365 1257 4438 in

219 4474 411 4571 frequente
434 4500 607 4550 consessu
633 4499 727 4550 nnus
751 4500 795 4550 ex
817 4476 963 4567 nostris,
981 4478 1051 4553 tibi
1065 4479 1162 4556 bene
1179 4503 1256 4575 cog·

220 4587 319 4661 uitus
343 4599 380 4663 et
404 4589 565 4664 amicus:
592 4589 657 4663 sed
685 4614 758 4663 non
785 4591 977 4686 persuasit.
1033 4592 1254 4692 onnsum
