2618 5092
386 112 439 163 nu
460 112 629 164 NATURA
650 114 786 164 annus.
1036 105 1102 166 241

118 275 161 349 A.
188 277 305 351 Recte
333 279 434 368 dicia,
466 280 575 353 modo
606 281 774 352 voluntas
799 303 843 351 ea
861 279 907 351 ad
936 280 1108 353 scientias

74 388 175 485 ipsas,
194 414 271 464 non
295 392 343 465 ad
370 393 508 489 ingenii
524 393 680 489 gloriam
704 393 896 487 dirigatur.
949 393 1022 466 Sed
1049 393 1108 466 dic

70 526 200 598 quaeso,
218 505 259 578 in
277 506 397 579 causis
416 530 538 580 rerum
559 505 824 601 investigandis
852 529 962 602 quam
988 507 1108 602 sequi·

68 616 152 689 mini
166 618 408 691 methodum?
892 696 896 705 ,

115 729 163 803 Β.
192 731 435 805 Profernntnr
459 731 578 829 primo
604 733 865 828 experimenta,
885 732 1016 805 deinde
1034 732 1105 806 alio

67 840 134 931 die,
145 867 257 941 quam
274 845 426 942 quisque
437 869 583 918 causam
602 846 834 942 phaenomeni
852 869 929 919 esse
943 846 1106 941 suspica-

65 968 135 1044 tur,
153 980 237 1030 eam
254 958 338 1031 viva
354 983 456 1048 voce,
474 971 516 1032 ut
533 969 669 1054 potest,
687 958 856 1054 explicat.
910 959 1007 1032 Nam
1033 958 1106 1032 his·

65 1069 168 1143 toriae
185 1071 346 1144 naturali
364 1073 511 1168 scriptae
528 1095 602 1145 non
620 1072 708 1145 satis
731 1071 899 1155 fidimus;
927 1095 1045 1167 neque
1074 1073 1104 1145 si

64 1182 276 1256 certissimae
294 1195 425 1273 essent,
443 1185 532 1257 satis
550 1185 726 1258 inservire
756 1196 904 1281 possent
931 1184 1103 1257 instituto

63 1305 201 1380 nostro,
220 1294 331 1369 nndae
348 1296 548 1370 existentes
563 1297 934 1386 circumstantiarum,
954 1321 1037 1393 quae
1055 1297 1103 1369 ad

64 1430 192 1482 causas
210 1409 396 1483 naturales
414 1410 653 1484 inveniendas
671 1423 758 1484 sunt
774 1411 1002 1484 necessariae.

110 1521 161 1595 Α.
188 1522 346 1596 Rectum
359 1523 507 1619 quidem
523 1523 615 1596 illud
632 1534 699 1607 est,
711 1523 756 1596 de
773 1548 848 1597 non
867 1536 1006 1595 temere
1024 1547 1103 1596 cre·

65 1631 183 1708 denda
199 1635 364 1709 historia.
417 1636 489 1710 Sed
509 1661 555 1710 an
574 1638 686 1709 etiam
703 1660 748 1709 ea
760 1637 1002 1731 phaenomena
1019 1660 1102 1730 qnae

64 1767 286 1843 unoquoque
312 1747 389 1821 fere
420 1749 478 1821 die
508 1749 757 1845 unusquisque
786 1759 949 1821 vestrum
977 1748 1102 1822 videre

64 1869 194 1954 potest,
207 1871 377 1957 suspecta
393 1873 490 1951 sunt,
502 1861 573 1933 nisi
590 1860 653 1934 illa
670 1884 797 1934 omnes
808 1861 917 1934 simul
928 1860 1102 1934 videatis?

65 1970 137 2045 Aut
163 1996 208 2045 ea
233 1997 317 2069 quae
333 1972 466 2046 videtis
488 1974 527 2046 in
550 1973 718 2047 conclavi
736 1973 1000 2071 experimenta,
1018 1998 1101 2070 quae

65 2105 146 2158 sane
175 2110 296 2183 panca
328 2110 407 2160 esse
437 2097 593 2175 constat,
625 2088 713 2161 satis
743 2111 822 2161 esse
856 2087 1031 2170 creditis;
1058 2112 1102 2162 ea

63 2211 194 2290 antem,
213 2224 296 2296 qnae
312 2201 416 2274 vobis
434 2200 598 2298 quotidie
616 2211 801 2275 ostentant
820 2201 954 2274 coelum
972 2202 1100 2291 altum,

63 2322 267 2410 pontusque
295 2327 335 2388 et
364 2314 441 2388 lato
471 2325 621 2411 pectore
647 2313 767 2404 tellus,
800 2315 890 2388 satis
919 2338 1102 2388 essenon

63 2427 221 2521 putatis?

107 2539 157 2612 B.
184 2539 281 2615 Sunt
310 2540 407 2614 enim
442 2553 586 2615 natnrae
619 2563 733 2637 opera
759 2540 929 2636 quaedam
957 2541 1098 2630 critica,

63 2672 132 2726 non
148 2652 220 2727 nisi
238 2664 317 2727 arte
329 2665 367 2727 et
377 2654 567 2751 diligentia
578 2654 684 2728 nobis
698 2654 869 2750 cognita;
888 2654 926 2727 in
942 2678 1099 2750 quorum

62 2785 130 2840 uno
141 2767 267 2864 aliquo
281 2778 433 2855 natnrae,
451 2780 494 2842 nt
520 2768 573 2842 ita
599 2768 732 2858 dicam,
750 2766 956 2854 artificium,
974 2766 1013 2838 id
1030 2778 1097 2856 est,

61 2879 188 2954 modus
210 2881 388 2977 operandi
422 2882 652 2955 manifestius
688 2906 726 2955 se
760 2881 897 2978 prodit,
926 2903 1036 2976 quam
1059 2880 1098 2952 in

62 2994 195 3067 centies
216 2994 317 3068 mille
333 2995 583 3092 phaenomenis
601 2996 681 3069 istis
710 2993 943 3092 quotidianis.
995 2993 1098 3067 Talia

62 3118 178 3181 antem
214 3118 301 3181 sunt
334 3108 586 3204 experimenta
619 3121 757 3198 nostra,
793 3132 949 3205 quornm
989 3108 1097 3181 unius

61 3219 389 3296 oausainventaad
406 3246 599 3296 numerum
622 3221 806 3295 infinitum
829 3222 949 3318 aptari
974 3232 1098 3318 potest

60 3331 327 3428 phaenomenon
343 3335 604 3409 communium.

105 3450 155 3523 Α.
183 3449 367 3524 Quaenam
384 3463 469 3524 sunt
483 3449 573 3523 illa?
612 3448 685 3521 Sed
702 3448 804 3546 prius
830 3446 958 3520 audire
976 3448 1095 3541 cupio,

62 3561 205 3656 quinam
222 3561 297 3636 sint
312 3562 365 3636 illi
381 3563 548 3638 homines
566 3562 666 3636 docti
694 3563 756 3658 qui
774 3572 934 3634 vestram
960 3559 1097 3632 consti·

61 3682 166 3749 tnuut
192 3676 444 3752 Academiam.
513 3678 611 3750 Nam
649 3675 868 3749 Academias
911 3671 1097 3768 appellant

61 3786 249 3861 societates
281 3789 460 3884 ejusmodi
484 3790 579 3864 Galli
606 3788 775 3884 Italique.
832 3786 958 3859 Talem
993 3785 1097 3856 aiunt

61 3920 135 3973 esse
152 3900 300 3975 Parisiis
312 3902 422 3976 hodie
439 3904 477 3975 in
496 3902 604 3976 domo
623 3900 761 3974 domini
786 3897 995 3974 Mommori.
1047 3896 1096 3967 Et

64 4032 138 4086 cum
154 4037 225 4111 ego
241 4036 342 4087 eram
368 4016 526 4105 Parisiis,
553 4026 775 4089 conventum
803 4011 997 4087 habuimus
1020 4033 1094 4081 non

153 4150 248 4204 von.
264 4151 321 4203 rv.
970 4146 995 4196 n
