2618 5092
319 657 598 710 enonanmnrn
618 657 811 710 Pursrcn.
1014 643 1086 707 343

41 838 76 899 et
90 849 115 898 a
131 824 339 922 majoribus
355 828 527 900 maribus.
572 827 722 899 Montes
739 838 862 899 autem
879 825 934 899 illi
951 826 989 898 in
1007 827 1086 922 qui·
1128 845 1268 948 Q

41 940 105 1012 bus
133 953 223 1013 sunt
241 939 320 1011 Nili
338 940 593 1036 scaturigines,
612 941 790 1013 maximos
818 962 898 1012 esse
928 950 1085 1028 constat,
1100 977 1268 1034 9091„an

41 1066 77 1126 et
92 1053 161 1126 sub
180 1064 383 1150 aequatore,
407 1065 446 1126 et
463 1077 577 1149 prope
594 1077 695 1125 mare
713 1053 894 1126 Indicum.
946 1053 1083 1126 Miran-
1099 1041 1268 1152 fflussoel'

41 1166 127 1240 dum
145 1190 236 1264 ergo
254 1189 331 1240 non
350 1177 417 1255 est,
435 1167 466 1239 si
495 1167 533 1239 iu
560 1167 631 1239 illis
655 1167 843 1240 montibus
863 1166 1023 1238 maxima
1039 1167 1088 1239 sit

41 1279 134 1354 nivis
169 1279 290 1375 copia.
343 1280 437 1354 Quae
470 1279 534 1350 uix
568 1279 773 1375 liquescens
804 1278 932 1351 Nilum
963 1290 1086 1374 auget,

41 1396 145 1490 quus
178 1416 276 1488 aqua
309 1391 495 1465 mensibus
522 1391 661 1487 Aprilis
696 1403 734 1465 et
769 1391 861 1464 Maii
897 1390 1089 1464 descendit

42 1529 166 1579 versus
182 1505 398 1602 AEgyptum,
424 1515 463 1578 et
491 1504 567 1577 illic
598 1505 776 1593 elevatur,
803 1504 962 1578 maxime
989 1504 1088 1578 circa

41 1619 237 1693 solstitium
255 1618 445 1691 aestirum:
471 1618 597 1714 itaque
613 1629 749 1690 terram
766 1617 935 1690 inundat.

89 1733 141 1805 A.
169 1733 248 1805 Cur
277 1755 367 1827 ergo
394 1754 470 1804 non
494 1730 652 1803 inundat
676 1731 734 1804 bis
762 1731 800 1803 in
824 1723 934 1820 anno,
958 1729 996 1804 id
1019 1743 1087 1819 est,

41 1846 185 1941 quoties
203 1845 258 1918 sol
276 1844 387 1917 estin
406 1843 622 1940 aequatorei

89 1960 139 2031 B.
167 1958 226 2031 Ab
249 1957 455 2054 aequinoxio
482 1957 687 2030 autumnali
713 1955 951 2052 progreditur
968 1957 1023 2031 sol
1040 1957 1088 2030 ad

41 2073 225 2168 tropicum
252 2071 475 2159 Australem,
496 2081 539 2143 ut
566 2071 688 2143 nivem
710 2070 749 2142 in
774 2069 952 2144 lateribus
983 2094 1088 2142 mon-

40 2185 132 2258 tium
151 2184 216 2281 qui
228 2183 431 2279 AEgyptum
445 2194 613 2279 spectant
629 2182 851 2279 liquefacere
869 2207 946 2257 non
959 2185 1085 2279 possit.

88 2297 138 2370 A.
165 2298 326 2392 Oportet
352 2307 476 2368 autem
506 2309 550 2369 ut
579 2297 628 2369 sit
659 2295 853 2368 inundatio
887 2295 1016 2370 similis
1043 2321 1088 2369 ex

41 2420 144 2503 parte
160 2409 344 2481 montium
361 2408 536 2482 Australi.

86 2518 135 2594 B.
162 2521 372 2594 Descensus
389 2520 540 2617 quidem
567 2544 750 2617 aquarum
778 2523 898 2617 major
919 2523 1088 2618 proiecto

41 2634 149 2708 debet
164 2657 259 2723 esse,
276 2634 363 2730 quia
391 2635 510 2729 major
528 2645 584 2707 est
612 2634 823 2730 liquefactae
849 2637 944 2709 nivis
969 2636 1087 2731 copia.

41 2747 240 2820 lnundatio
258 2759 381 2819 autem
397 2747 499 2820 nulla
514 2770 593 2820 esse
607 2760 743 2842 potest,
756 2749 828 2821 nisi
846 2749 1090 2824 inundaretur

41 2884 139 2933 mare
161 2859 343 2945 Indicum,
363 2859 463 2956 quod
480 2872 626 2933 montes
645 2861 727 2934 illos
745 2861 864 2937 alluit.

86 2971 204 3048 Quod
227 2971 275 3045 ad
306 2995 455 3045 causam
482 2972 619 3045 attinet
646 2996 714 3045 eur
736 2984 814 3046 tam
837 2997 922 3047 raro
938 2973 1034 3069 pluit
1051 2973 1090 3045 iu

41 3085 216 3183 AEgypto,
234 3108 318 3158 eam
335 3107 413 3158 esse
426 3095 528 3181 puto,
547 3083 648 3181 quod
664 3085 772 3159 valde
789 3088 915 3184 magni
943 3099 1090 3160 montes

41 3222 153 3296 prope
170 3197 373 3294 AEgyptum
400 3196 492 3270 nulli
523 3199 598 3270 sint
627 3198 667 3271 in
699 3200 832 3294 quibus
863 3200 980 3275 nubes
1009 3200 1088 3273 sisti

41 3324 206 3408 possunt.
259 3312 409 3385 Montes
433 3311 533 3384 enim
556 3311 656 3385 unde
675 3313 783 3386 Nilus
800 3313 931 3402 oritur,
950 3313 1089 3386 distant

41 3425 124 3500 inde
156 3425 306 3498 circiter
333 3433 432 3499 2000
456 3424 555 3497 mille
585 3449 771 3520 passuum.
825 3425 900 3501 Qui
930 3427 1087 3522 proximi

41 3538 190 3613 suntab
207 3562 282 3611 uuo
300 3537 427 3626 latere,
446 3546 532 3610 sunt
558 3551 703 3611 montes
721 3539 879 3612 Nubiae:
907 3539 954 3613 ab
972 3539 1089 3613 altera

41 3665 157 3750 parte,
178 3650 267 3724 Sina
284 3666 322 3723 ct
339 3663 483 3723 montes
500 3651 648 3725 Arabiae
667 3652 755 3725 satis
774 3651 906 3725 dissiti.

86 3763 139 3838 A.
168 3764 279 3838 Unde
296 3766 469 3838 oriuntur
486 3764 615 3839 venti?

87 3879 139 3952 B.
168 3878 369 3974 Praecipue,
387 3890 430 3951 ut
447 3878 605 3968 videtur,
623 3903 646 3951 a
662 3889 768 3951 motu
784 3879 951 3952 nubium.
1003 3881 1088 3953 Par·
1218 3936 1220 3941 .

41 3992 106 4065 tim
122 3991 238 4064 etiam
256 4014 279 4063 a
295 4014 336 4063 re
349 4013 567 4087 quacunque
585 3992 623 4063 in
641 4014 726 4064 aere
744 4003 856 4064 mota.

86 4109 136 4182 A.
165 4108 293 4183 Nubes
310 4132 334 4181 a
348 4108 468 4181 ventis
485 4107 574 4181 ferri
591 4107 827 4180 manifestum
846 4119 914 4180 est.
940 4105 1085 4179 Videris

41 4244 125 4319 ergo
143 4222 318 4295 effectum
336 4244 474 4318 ponere
492 4231 579 4294 ante
596 4244 756 4293 causam.

87 4340 136 4414 B.
166 4340 205 4413 Si
219 4340 355 4413 nubem
370 4362 519 4412 movere
531 4338 624 4411 nihil
638 4349 764 4435 posset
775 4346 910 4434 praeter
922 4347 1085 4425 rentum,

41 4451 198 4550 objectio
216 4452 280 4526 illa
295 4454 396 4526 bona
411 4464 518 4525 esset.
571 4451 646 4525 Sed
668 4451 804 4525 nubem
821 4449 1002 4545 gravitate
1020 4472 1087 4522 sua

43 4564 265 4641 descendere
282 4589 389 4662 posse
407 4565 651 4639 certissimum
669 4577 737 4639 est.
785 4562 944 4638 Quando
962 4573 1085 4635 autem
