2618 5092
373 123 427 175 nn
448 124 617 178 unrunu
638 125 774 177 Annis.
1025 114 1098 177 253

110 290 153 362 Α.
180 290 293 364 Quod
311 291 342 363 si
359 315 425 387 per
442 293 746 389 omnipotentiam
769 292 929 366 divinam
956 294 1099 365 annihi-

68 402 179 493 latum,
196 404 256 476 vel
273 405 404 501 procul
421 405 459 478 in
476 406 588 478 alium
611 406 734 479 locum
751 407 850 479 ultra
868 405 989 479 stellas
1007 408 1099 479 fixas

68 517 273 591 translatum
304 529 402 592 esset
430 519 570 592 telluris
600 519 710 615 hujus
741 519 945 609 dimidium,
977 543 1099 591 nonne

65 629 173 702 credis
183 640 329 726 partem
340 631 518 727 reliquam
531 631 689 705 eundem
699 645 841 704 motum
851 630 1099 703 retenturam?

106 740 152 815 Β.
178 741 313 831 Credo,
331 753 369 816 et
395 743 497 838 (quia
513 742 621 817 video
639 769 712 841 quo
735 743 870 836 tendis)
899 743 982 816 dico
1005 768 1100 839 prae-

63 864 170 944 terea,
183 854 254 927 etsi
265 855 377 929 unica
390 857 469 952 ejus
482 866 625 929 atomus
638 857 698 929 hic
709 856 988 953 relinqueretur,
1002 856 1100 953 quod

63 967 167 1041 etiam
183 967 248 1041 illa
263 980 410 1041 atomus
428 967 556 1042 eodem
575 982 784 1043 moveretur
801 979 904 1043 motu
921 969 1101 1043 circulari

62 1079 241 1178 simplice.

106 1193 157 1267 A.
184 1192 379 1269 Particnlae
405 1218 494 1292 ergo
519 1195 591 1269 illae
619 1209 750 1269 terreae
779 1219 990 1292 aqueaeque,
1016 1219 1101 1290 quae

61 1306 134 1380 aeri
149 1319 277 1380 nostro
294 1307 525 1404 interspersae
542 1319 699 1382 vestram
723 1307 865 1381 faciunt
881 1309 1101 1404 atmosphae-

62 1442 148 1509 ram,
166 1419 323 1494 eundem
341 1421 479 1495 habent
496 1422 600 1495 illum
617 1432 759 1494 motum
777 1419 996 1493 circatorem
1013 1422 1101 1494 aim-

55 1530 193 1629 plicem
210 1534 461 1629 congenitum.

109 1645 159 1718 B.
187 1645 405 1721 Necessario
424 1647 601 1744 sequitur.

105 1759 155 1833 A.
183 1759 370 1857 Siquidem
388 1771 512 1835 autem
528 1759 595 1849 sol,
613 1760 689 1834 sive
699 1759 885 1857 praecipue
898 1759 974 1832 sive
989 1760 1099 1848 soluS,

61 1872 257 1968 particulas
280 1873 361 1947 illas
377 1897 401 1946 a
417 1886 517 1949 terra
532 1873 663 1962 elevat,
677 1885 719 1946 ut
735 1871 848 1944 vestri
874 1870 1042 1961 credunt,
1061 1886 1101 1946 et

62 2009 141 2058 cum
158 1985 229 2059 illis
246 2009 316 2082 ego
331 2017 341 2070 ;
367 1986 458 2059 mihi
470 1985 618 2084 quidem
635 2010 708 2058 non
727 1983 940 2058 incredibile
962 1984 1102 2058 videbi-

61 2110 130 2190 tur,
146 2112 287 2197 quanto
304 2123 369 2173 aer
384 2101 555 2196 proprior
572 2111 682 2173 terrae
693 2112 760 2186 est,
774 2110 879 2172 tanto
896 2098 1000 2171 illum
1019 2123 1102 2197 par·

61 2213 156 2288 tibus
169 2213 300 2288 terreis
318 2237 396 2288 esse
412 2214 624 2311 pleniorem.

107 2327 156 2400 B.
175 2325 341 2400 Dubium
358 2350 433 2400 non
451 2339 518 2401 est.

105 2440 157 2514 A.
176 2439 364 2514 Intellexti
376 2464 464 2538 ergo
475 2440 698 2537 hypotheses
708 2437 1102 2533 meastprimamquod

61 2553 135 2627 aeri
146 2554 382 2650 interspersae
399 2564 484 2629 sunt
500 2553 690 2650 particulae
708 2551 833 2624 multae
851 2563 994 2640 terreae,
1008 2576 1103 2647 prae-

60 2665 148 2741 ditae
157 2678 264 2741 motu
280 2666 450 2741 circulari
467 2667 630 2763 simplice
643 2677 786 2739 naturae
797 2688 872 2737 suae
886 2665 1101 2759 congenito:

60 2779 271 2870 secundam,
284 2779 383 2876 quod
396 2782 513 2877 major
527 2795 584 2853 est
598 2779 783 2876 quantitas
796 2800 922 2849 earum
939 2778 1103 2874 particu-

59 2892 177 2967 larum
205 2893 248 2967 iu
273 2917 359 2968 aere
385 2918 499 2991 prope
525 2893 573 2968 ad
599 2907 747 2981 terram,
772 2915 882 2987 quam
910 2891 949 2964 in
972 2916 1105 2965 aerea

60 3018 160 3083 terra
175 3007 386 3081 remotiore.

110 3120 161 3195 B.
188 3121 285 3194 Sunt
326 3121 473 3218 quidem
514 3119 736 3216 hypotheses
777 3115 877 3190 haud
921 3117 1102 3191 absurdae.

61 3235 192 3309 Restat
207 3244 250 3308 ut
266 3234 438 3309 ostendas
462 3258 590 3307 eorum
613 3255 721 3306 usum
738 3231 786 3305 ad
811 3231 986 3304 salvanda
1003 3232 1104 3329 phae-

59 3373 219 3424 nomena
237 3373 320 3446 quae
332 3373 432 3422 nunc
451 3349 616 3422 dicturus
633 3370 726 3419 sum.
778 3344 911 3433 Primo,
930 3347 1104 3440 quoniam

59 3462 147 3554 vidi,
165 3462 380 3558 recipiente,
397 3473 440 3535 ut
457 3484 525 3535 uos
548 3458 745 3555 loquimur,
776 3481 882 3554 paene
910 3458 1102 3546 exhausto,

62 3576 129 3666 vel,
146 3585 190 3649 ut
208 3587 251 3647 tu
267 3574 335 3662 vis,
353 3573 519 3647 suctione
547 3594 644 3668 saepe
668 3568 837 3666 repetita,
859 3568 1103 3655 manubrium,

61 3687 160 3786 quod
183 3686 282 3761 forte
303 3685 471 3759 manibus
494 3686 572 3781 ejus
603 3683 667 3779 qui
693 3693 880 3755 suctorem
905 3679 1106 3752 revellebat

61 3799 266 3900 elapsum*,
284 3808 384 3872 retro
405 3797 495 3871 ferri
513 3820 638 3871 versus
656 3793 813 3893 cylindri
834 3791 1104 3867 summitatem:

305 4043 323 4079 ὕ
345 4035 436 4096 Deest
449 4044 490 4094 ert
502 4034 534 4093 in
547 4034 616 4094 edit.
633 4034 706 4093 1661
723 4039 753 4092 et
770 4033 854 4092 1668.
