2618 5092
321 624 603 678 PROBLEMATA
622 625 816 678 PHYSICA·
1017 611 1089 674 349

45 789 220 863 imitatur.
253 789 379 866 Quare
397 790 428 862 si
444 791 510 864 fiat
527 802 571 863 ut
587 812 788 886 granorum
801 787 969 860 cumulus
983 788 1091 860 simul
1130 808 1275 910 Q

45 903 212 999 crepitet,
231 925 382 976 necesse
400 913 456 976 est
472 915 515 976 ut
531 903 659 998 fragor
674 925 829 997 maguus
847 902 906 974 sit.
1104 936 1306 994 ospruvavaa.

88 1017 140 1090 A.
169 1015 248 1089 Sed
265 1029 463 1111 antequam
480 1039 612 1089 aurum
629 1017 696 1087 fiat
717 1015 928 1102 fulminans,
947 1013 1090 1086 dulcifi-
1102 999 1305 1110 sssssslgssfussoel'*

45 1143 159 1220 catur,
177 1142 223 1203 ut
240 1130 505 1225 chymistarum
524 1130 637 1202 verbo
654 1141 761 1201 utar:
787 1128 826 1202 id
844 1141 911 1217 est,
930 1128 984 1200 sal
1001 1128 1092 1200 elui-

46 1256 114 1333 tur,
126 1258 167 1317 et
187 1242 321 1316 deinde
338 1243 517 1340 paulatim
535 1244 754 1316 desiccatur.

90 1355 139 1431 B.
169 1355 214 1429 Id
232 1367 301 1444 est,
319 1379 414 1452 aqua
431 1367 665 1452 evaporatur,
684 1354 738 1426 sal
753 1354 995 1451 relinquitur:
1022 1355 1094 1427 sal-

47 1481 118 1543 tem
142 1468 389 1565 aliquantum,
407 1468 507 1564 quod
532 1468 711 1541 siccatum
736 1466 951 1541 indurescit.
1004 1469 1091 1541 Nou

48 1605 131 1679 ergo
161 1582 210 1655 ab
239 1606 330 1656 auro
353 1582 481 1678 fragor
509 1582 584 1671 ille,
609 1581 675 1655 sed
702 1605 724 1654 a
748 1582 824 1654 sale
852 1604 932 1655 esse
955 1594 1091 1678 potest.

48 1693 140 1769 Sunt
158 1695 259 1768 euim
275 1693 444 1791 pulveres
457 1694 569 1768 etiam
582 1694 648 1767 alii
659 1693 792 1790 quibus
805 1717 935 1766 aurum
948 1696 1091 1768 nullum

46 1807 153 1898 inest,
172 1807 238 1904 qui
254 1817 379 1881 tammo
397 1807 566 1881 calefacti
584 1830 714 1880 sonum
734 1805 849 1880 edunt
872 1831 948 1881 nou
972 1809 1093 1882 mino-

45 1943 122 1994 rem
154 1943 268 2017 quam
294 1943 426 1993 aurum
455 1919 665 1992 fulminans.
724 1919 916 2015 Chymista
944 1921 1094 2017 quidam

43 2033 165 2108 nostri
182 2032 358 2128 temporis
375 2033 546 2121 affirmat,
564 2031 664 2129 quod
682 2031 737 2104 sal
750 2033 881 2106 tartari
899 2047 937 2107 et
954 2036 1094 2107 nitrum

42 2170 129 2220 cum
146 2144 299 2242 paululo
317 2143 466 2218 sulfirris
479 2146 607 2233 mixta,
622 2157 661 2218 et
678 2145 716 2217 iu
729 2145 917 2241 pulverem
930 2146 1094 2234 redacta,

42 2272 81 2335 et
98 2257 292 2346 calefacta,
309 2256 495 2353 fragorem
512 2258 675 2331 efficiunt
692 2271 872 2354 quantum
893 2259 983 2332 facit
1000 2259 1094 2333 sclo-

41 2382 154 2470 petus
171 2368 341 2443 militaris
358 2369 421 2466 qui
438 2381 670 2465 musquettus
684 2369 902 2465 appellatur.

96 2483 149 2559 A.
175 2481 334 2555 Videtur
364 2483 454 2555 mihi
485 2505 606 2580 operae
634 2482 795 2579 pretium
824 2483 1000 2574 facturae,
1032 2486 1094 2580 qui

45 2595 210 2695 experiri
225 2595 338 2669 vellet
355 2609 535 2692 quantum
553 2596 727 2669 effectum
743 2595 924 2670 haberent
935 2597 1096 2695 pulveris

46 2710 155 2785 istius
176 2709 274 2803 (auri
291 2708 442 2805 inquam
458 2709 702 2802 fulminantis)
726 2708 851 2806 plures
868 2710 976 2784 simul
993 2711 1097 2784 librae

47 2823 86 2896 in
106 2845 247 2919 magno
270 2820 435 2917 sclopeto
453 2821 704 2919 poliorcetico‚
721 2821 906 2918 gradatim
929 2848 952 2897 a
974 2824 1098 2898 favilla

48 2936 171 3010 calida
187 2934 388 3009 calefactae.

98 3048 150 3126 B.
177 3047 283 3122 Idem
299 3046 432 3121 seatio.

99 3162 151 3237 Α.
180 3160 282 3237 Quid
299 3171 356 3234 est
378 3159 417 3232 id
434 3159 535 3256 quod
552 3159 681 3251 nubes,
699 3172 742 3234 ut
759 3160 863 3251 dicis,
882 3161 1097 3258 congelatas

48 3271 209 3372 frangit?

97 3387 147 3463 B.
201 3385 362 3462 Quando
376 3385 455 3460 dies
468 3384 579 3459 calidi
594 3397 692 3477 sunt,
706 3386 761 3459 sol
771 3410 943 3483 magnam
960 3391 1099 3462 excitat

49 3504 196 3600 copiam
210 3523 391 3597 vaporum
408 3512 489 3573 tum
500 3523 521 3573 e
532 3500 637 3588 mari,
652 3512 732 3573 tum
745 3501 857 3574 etiam
874 3526 895 3575 e
912 3501 1003 3576 locis
1020 3528 1098 3576 om-

50 3617 159 3691 uibus
182 3612 418 3710 palustribus.
472 3613 542 3687 His
560 3613 757 3709 vaporibus
774 3613 1023 3710 pendentibus
1040 3642 1097 3690 as-

51 3741 211 3826 surgunt
222 3726 286 3800 alii
298 3726 444 3822 aliique.
478 3727 583 3824 Saepe
595 3738 719 3799 autem
729 3726 819 3800 dum
831 3752 918 3825 pars
931 3729 1098 3804 ascendit

52 3854 88 3918 et
103 3863 193 3941 pars
217 3838 421 3928 descendit,
439 3838 556 3913 nubes
578 3841 674 3913 fiunt
699 3840 826 3936 spissae
850 3853 889 3916 et
911 3844 1019 3917 simul
1041 3869 1100 3917 ca-

53 3978 233 4042 vernosae,
264 3975 330 4049 per
358 3976 449 4047 quas
478 3975 670 4049 expressus
695 3977 760 4027 aer
786 3955 911 4029 multis
941 3957 980 4029 iu
1010 3957 1100 4029 locis

54 4069 238 4145 transiens
273 4067 390 4138 nubes
419 4066 604 4162 congelat,
633 4090 677 4138 eo
712 4091 821 4162 quem
856 4070 989 4166 saepius
1024 4069 1100 4142 dixi

53 4182 163 4258 modo
182 4178 372 4254 indurans.

101 4297 150 4370 A.
180 4293 226 4367 ld
244 4314 458 4365 concessum
477 4300 564 4363 ante
582 4303 648 4364 est.
703 4292 839 4367 Quaero
867 4306 1003 4383 autem,
1025 4318 1100 4366 uon

52 4409 149 4497 unde
168 4408 207 4481 in
224 4405 381 4503 glaciem
400 4416 654 4494 concrescunt,
669 4406 733 4481 sed
750 4433 774 4482 a
791 4431 864 4504 qua
877 4432 989 4482 causa
1005 4420 1102 4505 post-

55 4547 164 4621 quam
184 4520 384 4594 durescant
402 4517 675 4614 diffringuntur.
