2618 5092
209 666 285 733 258
535 684 590 737 on
610 683 782 739 narona
800 668 939 739 aunis.

210 845 405 921 demissam
431 849 469 921 in
497 850 691 948 recipiens,
711 864 798 949 post
821 851 981 928 sactoris
1005 850 1155 948 aliquot
1170 850 1254 925 roci-

209 962 442 1057 procationes
471 962 527 1036 ita
547 964 691 1055 bullire,
715 988 760 1039 ac
789 965 823 1041 si
850 962 1047 1063 supposito
1076 964 1166 1063 igno
1190 962 1253 1039 far-

209 1084 385 1148 vesceret.

262 1188 311 1261 A.
337 1187 383 1261 ld
400 1213 545 1285 quoque
571 1188 708 1263 accidit
728 1198 882 1287 propter
898 1188 1141 1264 velocitatem
1155 1186 1250 1277 aeris,

209 1311 253 1373 ut
287 1300 428 1375 dictum
463 1315 532 1392 est,
563 1303 602 1376 in
634 1302 833 1401 recipiente
863 1302 1157 1389 circumeuntis;
1188 1300 1249 1375 nisi

209 1412 306 1487 forte
338 1438 472 1511 aquam
499 1416 612 1507 illam,
648 1416 736 1490 dum
769 1414 889 1505 bullit,
923 1415 1086 1490 calidam
1116 1436 1248 1512 quoque

211 1549 289 1598 esse
319 1526 616 1624 deprehendatis.
667 1529 766 1603 Nam
794 1528 825 1602 si
854 1527 947 1601 certi
970 1552 1137 1603 essemus
1160 1528 1246 1601 illan

209 1639 293 1735 plns
312 1641 506 1731 calescere,
523 1643 597 1716 alia
620 1666 731 1716 causa
755 1641 991 1738 phaenomeni
1013 1639 1246 1739 excogitanda

211 1763 317 1827 esset.

260 1865 308 1940 Β.
335 1867 427 1958 Imo,
445 1868 538 1941 certi
555 1890 681 1941 smnus
698 1867 798 1965 quod
811 1892 887 1942 non
902 1866 988 1964 plus
1008 1866 1162 1943 calescit
1175 1890 1243 1941 sen-

210 1979 376 2053 sibiliter.

262 2092 311 2166 A.
330 2092 431 2167 Quid
439 2093 599 2189 ergotali
609 2116 717 2190 aquae
727 2092 1022 2167 motuiconlerre
1030 2116 1142 2189 posse
1151 2106 1242 2191 putas

209 2206 387 2301 majorem
404 2207 463 2278 vel
481 2207 662 2280 minorem
684 2205 940 2301 atmosphaerae
957 2205 1204 2301 gravitatem?

262 2318 310 2392 Β.
338 2319 467 2417 Neque
484 2320 587 2393 illum
603 2332 748 2392 motum
765 2317 985 2408 attribuunt,
999 2331 1106 2415 puto,
1125 2333 1241 2394 atmos-

209 2432 355 2526 phaerae.

261 2543 309 2616 A.
336 2544 395 2617 Ab
421 2544 491 2616 hoc
519 2545 772 2639 experimento
802 2542 1039 2617 manifestum
1069 2556 1137 2635 est,
1158 2541 1240 2641 quod

208 2657 389 2751 recipiens
401 2681 468 2752 per
485 2657 716 2730 exactionem
735 2657 842 2744 hanc,
858 2679 969 2753 qnam
985 2660 1129 2731 voeatis
1150 2659 1239 2742 aeris,

208 2793 284 2842 non
299 2771 342 2843 fit
359 2794 527 2843 vacuum.
567 2771 664 2842 Nam
683 2771 822 2843 moveri
837 2794 934 2866 aqua
950 2792 1028 2843 non
1046 2773 1169 2867 potuit
1183 2768 1239 2843 nisi

209 2907 232 2955 a
248 2895 420 2956 movente
438 2884 560 2979 aliquo
579 2899 680 2957 moto
705 2895 743 2957 et
766 2884 953 2980 contiguo.
1006 2885 1139 2981 Itaque
1155 2886 1240 2981 phae-

207 3019 406 3068 nomennm
423 2996 495 3068 hoc
513 2995 865 3070 demonstrationem
884 2996 1147 3092 suppositionis
1163 3019 1239 3070 mcae

208 3110 397 3183 continere
431 3108 579 3182 videtur
611 3134 684 3182 non
715 3110 911 3182 infirmam.
970 3110 1167 3201 Praeterea,
1192 3110 1239 3183 dic

206 3221 309 3311 mihi,
327 3222 542 3296 bullientem
562 3247 697 3318 aquam
714 3223 902 3318 potuistin’
923 3224 1167 3320 conspicere?

259 3335 308 3409 Β.
337 3336 518 3411 Quidni?

257 3448 306 3521 A.
334 3449 468 3523 Nonne
491 3449 669 3523 visionem
690 3448 771 3522 fieri
799 3447 1010 3522 concedunt
1033 3452 1158 3540 vestri,
1187 3470 1239 3546 per

205 3561 390 3635 actionem
403 3563 617 3636 continuam
634 3563 680 3635 ab
694 3562 839 3657 objecto
857 3561 905 3633 ad
918 3562 1095 3636 oculum?
1121 3565 1240 3637 Nonne

206 3678 319 3751 etiarn
351 3692 484 3776 putant
517 3681 701 3753 actionem
735 3703 883 3752 omnem
918 3702 997 3751 esse
1031 3693 1184 3770 motum,
1210 3688 1239 3751 et

206 3815 352 3864 omnem
386 3805 530 3865 motum
565 3816 644 3866 esse
687 3791 879 3887 corporis?
932 3790 1131 3868 Quomodo
1164 3813 1238 3888 ergo

203 3905 326 4000 potuit
355 3906 401 3978 ab
433 3905 591 4000 objecto,
621 3928 754 4000 nempe
783 3922 891 4001 aqua,
926 3905 974 3978 ad
1008 3908 1137 3981 oculos
1170 3920 1239 3980 tuos

204 4031 327 4091 motus
344 4042 410 4115 per
423 4043 592 4108 vacuum,
606 4019 645 4090 id
663 4030 720 4091 est
737 4042 803 4114 per
817 4042 1057 4115 non-corpus,
1070 4012 1238 4094 derivari?

255 4130 303 4203 Β.
331 4131 415 4204 Non
441 4132 625 4204 affirmant
651 4131 769 4203 nostri
792 4132 846 4203 ita
861 4155 1020 4205 vacuum
1051 4157 1133 4207 esse
1158 4128 1237 4206 reci·

202 4244 319 4340 piens,
338 4256 381 4316 ut
397 4244 520 4316 nullus
538 4244 689 4317 omnino
708 4267 772 4316 aer
789 4243 939 4316 relictus
957 4245 1017 4319 sit.

252 4356 299 4430 A.
327 4358 389 4429 Nil
407 4355 584 4429 referteo
603 4366 723 4429 totum
741 4357 922 4452 recipiens
939 4382 1101 4433 vacuum
1126 4361 1183 4447 sit,
1198 4376 1236 4428 an

203 4494 336 4566 magna
371 4472 449 4566 ejus
484 4494 581 4567 pars.
648 4470 746 4543 Nam
788 4471 968 4543 utrumvis
1009 4483 1233 4570 supponatur,

201 4583 382 4658 derivatio
395 4595 518 4657 motus
531 4585 577 4657 ab
591 4584 736 4679 objecto
750 4583 798 4658 ad
816 4585 965 4658 oculum
981 4585 1232 4685 intercipietur·
