2618 5092
403 619 743 674 anoun‘rnauuu.
1018 604 1092 670 415

36 785 197 861 definire
211 787 476 885 quantitatem,
488 798 525 861 et
536 789 786 887 quantitatum
802 786 948 860 diversa
957 810 1096 883 genera
1142 807 1211 849 cra.
1227 803 1270 844 ¹1·

37 903 137 975 inter
165 926 208 975 se
233 901 472 999 distinguere.
524 902 776 997 Interroganti
798 902 897 974 enim
924 909 1096 997 wantum
1137 871 1279 979 {fid-„Z

40 1024 109 1104 cet,
127 1016 195 1111 qni
224 1015 281 1089 ita
306 1015 505 1112 respondet
521 1028 565 1088 ut
586 1015 850 1110 interrogantis
867 1014 1011 1086 animus
1035 1036 1097 1085 ac-

44 1129 214 1226 quiescat
243 1130 284 1202 in
302 1151 347 1201 eo
378 1127 475 1225 quod
507 1127 766 1224 respondetur,
794 1151 943 1201 necesse
971 1137 1098 1199 estut

45 1239 345 1337 magnitudinem
379 1240 426 1313 de
454 1264 528 1336 qna
557 1241 736 1337 qnaeritur
760 1242 820 1315 vel
853 1254 1016 1336 exponat
1050 1239 1098 1311 ad

46 1355 185 1445 oculos,
196 1353 258 1428 vei
275 1351 497 1427 determinet
513 1377 582 1449 per
598 1356 915 1451 comparationem
928 1379 1013 1428 cum
1027 1353 1099 1425 alio

49 1480 190 1566 quanto
207 1489 500 1562 permansuram
515 1465 776 1541 determinato.
828 1468 984 1540 Animus
1001 1466 1101 1538 enim

50 1581 88 1655 in
103 1579 311 1655 indefinitis
327 1603 403 1653 nou
421 1579 642 1676 acquiescet.

99 1692 177 1768 Sed
199 1693 290 1790 quia
322 1716 399 1765 non
427 1691 552 1765 omnia
578 1705 719 1788 quanta
745 1706 1009 1767 mensurantur
1034 1716 1103 1789 per

57 1808 209 1895 lineam,
227 1829 298 1879 nec
315 1829 382 1902 per
398 1806 640 1901 superficiem,
658 1830 728 1880 nec
743 1829 811 1902 per
828 1807 999 1897 solidum,
1017 1808 1104 1880 toti·

54 1921 137 1995 dem
153 1931 268 1993 erunt
284 1942 423 2016 genera
434 1942 617 1993 mensurae
628 1932 721 2016 quot
734 1933 822 1993 sunt
834 1944 972 2016 genera
986 1944 1104 2016 quau-

54 2044 188 2108 torum.
259 2032 405 2127 Corpus
440 2047 676 2106 mensuratur
709 2046 768 2106 tot
801 2034 982 2106 mensuris
1014 2045 1106 2129 quot

54 2147 167 2221 habet
192 2144 454 2235 dimensiones,
479 2157 518 2220 et
542 2145 699 2243 proinde
726 2147 799 2219 tria
823 2147 937 2220 habet
960 2147 1106 2220 diversa

54 2283 193 2359 genera
209 2258 473 2355 quantitatum,
490 2282 624 2356 nempe
640 2259 788 2348 lineam,
806 2261 1049 2356 superficiem,
1068 2271 1106 2332 et

55 2372 301 2448 soliditatemz
326 2395 483 2469 quarum
501 2372 754 2467 quantitatum
771 2374 880 2447 unius
905 2397 1003 2470 pars,
1020 2394 1107 2467 pars

55 2486 209 2562 alterius
227 2506 307 2559 esse
330 2509 407 2558 non
430 2497 566 2582 potest.
616 2486 666 2559 Et
688 2487 728 2561 in
751 2487 976 2577 universum,
995 2508 1108 2582 quan·

55 2601 185 2675 titates
200 2597 275 2672 illae
292 2597 428 2672 diversi
443 2600 591 2696 generis
609 2612 707 2690 sunt,
726 2625 881 2697 quarum
898 2624 986 2699 pars
999 2600 1110 2673 unius

55 2736 133 2789 non
149 2723 310 2810 estpars
327 2711 501 2787 alterius:
527 2715 646 2789 velut
663 2714 841 2789 definitur
867 2717 915 2790 ab
943 2715 1110 2804 Euclide,

60 2849 222 2924 quarum
250 2849 337 2916 una,
367 2828 603 2924 quantumvis
634 2828 891 2924 multiplicata,
920 2854 1112 2927 nunquam

56 2940 217 3015 alteram
232 2940 432 3036 superabit.

108 3053 237 3128 Idneae
248 3075 337 3149 ergo
348 3074 488 3142 omnes,
500 3053 577 3126 sive
587 3065 701 3128 rectae
712 3055 788 3128 sive
799 3079 935 3144 curvae,
946 3055 1113 3150 ejusdem

58 3182 151 3247 sunt
162 3169 310 3267 generis
327 3171 569 3268 quantitates:
589 3183 628 3245 et
646 3173 733 3269 quia
750 3194 863 3244 curva
880 3170 1031 3243 extendi
1047 3193 1111 3265 po-

59 3295 148 3373 test,
165 3284 220 3357 ita
235 3295 278 3357 ut
294 3284 372 3371 fiat,
389 3308 466 3357 non
479 3296 624 3357 mutata
637 3285 857 3382 quantitate,
867 3294 981 3372 recta,
996 3283 1113 3356 altera

59 3422 192 3477 earum
207 3401 453 3498 multiplicata
468 3400 626 3475 alteram
644 3424 819 3499 superare
836 3411 970 3498 potest.

112 3514 174 3589 Ab
191 3514 250 3588 his
266 3514 385 3587 tribus
407 3515 605 3610 generibus
628 3515 775 3589 Cluvius
798 3514 962 3588 excludit
985 3538 1114 3589 nume-

60 3650 160 3718 rum,
179 3639 354 3725 tanquam
372 3650 490 3725 genus
513 3630 560 3702 ab
578 3630 748 3703 omnibus
773 3629 893 3703 tribus
916 3627 1114 3702 diversum.

63 3740 155 3815 Non
170 3752 284 3815 recte.
336 3742 523 3816 Numerus
540 3765 685 3838 semper
701 3752 757 3815 est
772 3742 813 3815 in
831 3742 962 3816 eodem
980 3766 1114 3839 genere

67 3855 289 3952 quantitatis
303 3878 388 3928 cum
405 3868 612 3929 numerato.
640 3855 770 3952 Neque
787 3879 922 3953 genere
941 3855 1116 3930 differunt

64 3988 183 4042 unum
210 3978 250 4041 et
277 3968 397 4064 plura.
448 3969 634 4042 Numerus
658 3981 784 4042 autem
812 3981 850 4042 et
874 3968 992 4066 plura,
1016 3968 1116 4040 idem

66 4092 167 4155 sunt.
220 4080 407 4155 Numerus
432 4081 625 4170 linearum,
652 4091 690 4154 et
716 4080 835 4171 lineae,
858 4082 996 4154 habeut
1017 4081 1115 4152 idem

67 4216 187 4291 genus
214 4194 454 4290 quantitatis:
480 4193 572 4268 item
606 4216 781 4268 numerus
814 4195 1046 4290 angulorum,
1078 4205 1116 4266 et

68 4308 250 4406 angulus3
269 4320 491 4406 temporum,
509 4319 548 4382 et
563 4319 720 4405 tempus,
739 4321 810 4382 etc.
838 4308 950 4382 Quod
968 4306 1115 4380 Clavius

68 4421 205 4496 lineam
237 4421 380 4496 finitam
406 4433 444 4496 et
470 4421 607 4496 lineam
632 4423 815 4496 infinitam
844 4421 1008 4518 ejusdem
1037 4445 1115 4494 esse

69 4536 217 4632 genum
232 4547 358 4633 negat,
376 4536 603 4635 superfluum
620 4547 696 4612 est:
721 4547 897 4632 tanquam
914 4536 1043 4634 siquis
1061 4535 1116 4610 di-
