2640 5092
115 665 190 736 488
577 671 832 725 numenio.

118 875 229 935 tunae
256 850 404 936 civium,
434 850 715 946 principalem:
742 864 902 925 caeteras
930 851 1029 924 nihil
1060 874 1142 924 esse
1169 864 1289 948 ptaetcr

119 995 261 1070 ludum
295 984 475 1058 Ludimus
493 986 597 1058 enim
615 988 732 1061 otiosi
749 989 789 1059 in
807 986 1029 1060 nominihus
1047 986 1289 1073 Grammatici‚

122 1131 163 1204 in
179 1119 400 1224 syllogismis
418 1119 564 1215 logici,
584 1122 626 1193 in
645 1121 749 1195 sonis
766 1121 921 1209 Musici,
935 1121 977 1192 in
996 1121 1167 1193 numeris
1180 1120 1290 1192 Arith-

124 1258 263 1346 metim,
277 1255 316 1326 in
329 1263 434 1323 motu
446 1251 613 1348 Physici,
627 1254 668 1326 in
686 1254 818 1349 figuris
832 1252 1066 1341 Geometrae‚
1081 1252 1171 1325 dum
1189 1253 1289 1325 otiun

126 1405 294 1481 postrum
320 1383 475 1478 negotia
495 1395 655 1457 tuentur
674 1384 906 1481 Principum.
961 1384 1049 1457 Nec
1067 1396 1195 1458 tamen
1214 1383 1290 1456 nihil

129 1547 239 1624 agere
255 1516 424 1593 ridemur
444 1516 636 1592 nobismet
660 1518 764 1615 ipsis.
816 1518 968 1591 Praedia
992 1530 1084 1592 sunt
1108 1518 1290 1616 geometris

130 1656 370 1758 problemata,
387 1649 658 1747 possidentque
677 1676 723 1725 ea
738 1651 913 1748 plerique
932 1654 1045 1749 quasi
1066 1655 1154 1752 jure
1170 1651 1291 1726 feudali

133 1794 180 1868 ab
214 1783 375 1882 antiquis
409 1785 630 1879 geometriae
665 1784 827 1858 dominis
860 1787 1039 1878 Euclide,
1071 1787 1290 1873 Archimede,

135 1929 300 2022 aliisque,
315 1942 383 2016 per
399 1918 673 1993 servitudinem
690 1932 730 1994 et
754 1921 1020 2017 pertinaciam.
1076 1924 1214 1998 Schola
1233 1923 1290 1996 illis

137 2055 355 2136 Praetorium
389 2061 457 2138 est,
493 2050 560 2124 uhi
589 2075 721 2125 verum
756 2053 1000 2128 constituunt
1036 2080 1108 2131 suo
1144 2056 1289 2130 arbiuio.

135 2195 228 2270 ¹lure
263 2184 518 2280 occupationis
552 2185 748 2260 inventum
783 2209 926 2260 novum
961 2164 1045 2263 ‘non
1081 2191 1288 2287 acquiritur:

140 2326 325 2407 nimirum,
345 2315 444 2413 quod
471 2318 628 2413 quisque
656 2320 795 2415 ingenii
821 2321 880 2392 sui
899 2325 1101 2419 proprium
1121 2349 1210 2421 opus
1225 2346 1287 2395 esse

137 2459 329 2560 judicavit,
345 2455 374 2525 si
392 2477 524 2547 parum
543 2453 734 2526 festinanti
753 2456 947 2550 praeripiat
966 2457 1076 2549 alter,
1093 2460 1223 2555 injuria
1235 2473 1286 2529 est.

144 2600 280 2690 Legem
308 2592 402 2661 hanc
431 2589 630 2682 supercilio
661 2589 829 2661 damnari
865 2590 1040 2686 iniquam
1070 2618 1147 2666 non
1177 2595 1284 2689 patior.

141 2731 268 2813 Ratio,
284 2726 312 2796 si
326 2723 513 2809 afferatur,
529 2722 666 2795 vincat.
705 2722 778 2794 Sed
791 2721 927 2795 lectori
941 2749 1067 2821 neque
1081 2728 1286 2800 intellectum

146 2884 264 2956 neque
288 2853 506 2953 patientiam
532 2868 708 2949 praestare
732 2854 863 2926 debeo.
920 2856 1056 2952 ltaque
1077 2885 1232 2956 provoco
1251 2857 1286 2928 ad

148 3005 304 3077 externa,
339 2998 450 3079 atque
485 2985 598 3056 etiam
634 2986 682 3058 ad
716 2997 900 3080 posteros,
939 2990 1010 3060 sub
1044 3004 1124 3080 tuo,
1157 2992 1286 3064 illesa

150 3119 646 3207 PR1NCEPS,1101ni11e,cui
674 3143 754 3214 quac
782 3119 889 3215 cupis
919 3123 1050 3197 omnia
1083 3126 1182 3198 Deus
1210 3149 1289 3197 com·

151 3258 295 3357 probet,
316 3266 354 3327 et
371 3276 449 3348 qum
469 3252 547 3345 agis
566 3251 755 3324 secundet.

516 3486 765 3559 Serenissimae
783 3487 1021 3564 celsitudinis
1040 3504 1114 3565 tutu

772 3747 965 3795 servorum
985 3726 1212 3799 humillimus

868 3959 1054 4033 Tnosras
1077 3963 1257 4035 Hostias,
