2618 5092
276 681 594 738 narnnnnrron
615 681 860 735 nonmnnn.
1038 664 1087 731 89

54 874 175 948 nmque
190 873 263 947 per
280 850 369 924 loca
389 849 461 924 tria
478 849 602 946 potius
625 873 736 945 qnam
758 872 825 945 per
848 856 1006 944 quatuor
1026 859 1092 920 aut
1123 876 1275 919 arnonus

55 966 157 1038 alium
171 986 377 1036 nnmerum
391 963 507 1052 finiat,
524 985 601 1036 non
616 960 763 1035 videtur
779 961 827 1035 ad
844 971 961 1034 artem
978 959 1092 1033 arith·
1130 958 1274 1062 ,ᾖ

55 1077 216 1150 metieam
233 1076 437 1171 pertinere.

99 1189 144 1262 B.
169 1189 371 1262 Sumamus
382 1186 798 1282 numerumquemlibet3
812 1185 1092 1273 eundem‚verbi

56 1303 177 1399 grstia,
199 1324 312 1398 quem
336 1299 398 1374 ille
418 1301 585 1397 sumpsit,
603 1310 639 1390 2,
654 1308 740 1388 468,
754 1309 840 1390 013,
858 1304 944 1382 579.
989 1300 1090 1374 Quo-

56 1415 157 1490 modo
173 1438 351 1489 numerns
368 1414 428 1487 hie
445 1414 566 1488 verbis
582 1412 824 1510 proferendus
842 1414 923 1486 est?

99 1530 148 1603 A.
174 1529 292 1602 Recte
313 1525 581 1625 preferendus,
609 1550 685 1600 non
715 1537 757 1600 ut
781 1526 967 1600 Wallisius
990 1525 1091 1621 loqui

59 1643 153 1732 solet,
170 1640 396 1738 efferendus.

101 1755 150 1828 B.
177 1752 388 1843 Quomodo,
430 1751 593 1849 inquam,
635 1751 877 1849 proferendus
917 1761 974 1824 est
1014 1751 1091 1824 sine

60 1867 232 1964 periodis?

104 1984 150 2056 A.
175 1980 352 2055 Periodos
368 1979 476 2053 utiles
500 2002 579 2052 esse
596 2003 673 2053 non
690 1979 843 2076 negavi3
870 1976 936 2051 sed
953 2001 1091 2074 quaero,

63 2119 117 2169 cor
132 2095 223 2169 loeis
239 2093 355 2168 ternis
373 2091 626 2165 definiuntur?

104 2209 151 2282 B.
177 2208 217 2282 Si
260 2216 434 2279 notarum
474 2204 635 2279 valorem
677 2204 798 2277 verbis
833 2202 1092 2292 enuntiaveris,

64 2321 192 2396 videbis
209 2321 302 2418 ipse.

102 2435 148 2509 A.
175 2433 397 2531 Significant
412 2443 512 2505 notae
529 2431 601 2505 illae
619 2432 691 2505 dua
708 2429 826 2503 millia
845 2428 999 2503 millium
1015 2427 1094 2501 mit·

65 2546 149 2639 tun,
167 2547 451 2647 quadringenta
466 2545 670 2643 aeauginta
687 2554 770 2618 aeto
793 2543 911 2617 millia
928 2542 1094 2633 millium,

65 2662 227 2736 tredecim
244 2659 364 2734 millia
381 2668 418 2731 et
434 2659 637 2757 quingenta
654 2658 900 2757 septuaginta
917 2682 1053 2730 novem

104 2777 151 2850 B.
179 2777 315 2850 Nonne
332 2772 434 2846 vides
451 2773 564 2846 verba
581 2784 646 2845 tua
663 2771 888 2868 distinguere
906 2783 955 2861 te,
969 2794 1097 2867 quem-

64 2888 251 2963 admodum
268 2887 357 2984 ipsae
373 2897 473 2959 notae
490 2909 557 2982 per
572 2885 655 2960 loca
671 2895 779 2959 terna
795 2883 1094 2982 distinguuntur?

103 3000 147 3076 A.
173 3001 247 3091 Ita,
270 2999 337 3073 sed
361 2999 504 3073 Latine.
552 2998 748 3095 Distingue
775 3000 854 3093 jam
880 3009 923 3070 tu
950 2997 1095 3070 easdem

63 3127 158 3190 notas
174 3138 245 3213 per
262 3112 412 3187 nomina
428 3111 644 3200 numeralia,
662 3111 694 3183 si
710 3121 829 3206 potes,
845 3108 988 3182 Graece.

103 3229 152 3302 Β.
179 3227 346 3302 Possum.
404 3237 486 3296 εἴκοσι
497 3240 545 3296 καὶ
557 3241 684 3313 τέσσαρες
695 3234 823 3314 μυριάδες
832 3231 981 3313 μυριάδων,
991 3230 1096 3302 ἑξακισ-

62 3354 132 3430 χίλια
146 3353 303 3412 ὀκτακόσιαι
318 3341 362 3410 rai
380 3349 434 3428 μία
454 3349 591 3430 μυριάδες,
607 3353 764 3430 τρισχίλια,
780 3352 957 3417 πεντακόσια,
980 3344 1096 3424 ἑβδομη-

112 3496 131 3529 ss
226 3512 235 3528 ι

102 3576 148 3652 A.
174 3575 252 3651 Sed
278 3575 336 3650 hae
358 3599 467 3650 voces
497 3574 728 3673 distinguunt
757 3587 864 3649 notas
890 3577 1096 3653 numerales

60 3712 127 3764 non
143 3714 212 3789 per
234 3690 320 3762 loca
343 3700 462 3778 terna,
480 3689 546 3762 sed
566 3714 632 3785 per
655 3700 847 3785 quaterna,
863 3689 935 3763 hoa
961 3692 1094 3765 modo:

59 3811 113 3895 24,
129 3811 246 3892 6801,
265 3806 375 3885 3579.
428 3801 531 3875 Nihil
554 3802 668 3898 igitur
692 3801 741 3876 ad
763 3802 955 3875 scientiam
981 3805 1097 3878 arith-

59 3916 327 4011 meticam,qnae
337 3913 594 3987 universaliter
605 3914 775 3988 omnibus
786 3915 958 4011 gentibus
969 3917 1098 3990 eadem

59 4043 122 4120 est,
156 4027 224 4103 sed
252 4051 301 4101 an
329 4027 490 4100 diversas
519 4027 687 4123 gentium
718 4027 894 4102 dialectos
922 4031 1096 4126 pertinet.

60 4140 209 4232 Deinde,
227 4165 314 4214 cnm
331 4141 493 4233 dixisset,
517 4140 669 4240 eqpltrce
699 4167 776 4238 qua
802 4140 892 4215 loeis
914 4143 1098 4241 supremis

55 4265 240 4351 ponuntur
264 4252 360 4327 noelli
381 4278 542 4352 proram
569 4263 656 4326 sunt
683 4254 777 4344 usui,
803 4254 940 4328 nultius
967 4253 1100 4328 saltem

62 4368 305 4458 necessitatis,
315 4367 387 4440 sed
397 4367 607 4441 redundant
613 4366 745 4465 patius
750 4396 765 4452 ;
783 4369 995 4442 tantundem
1006 4366 1101 4439 enim

63 4480 273 4580 significant
301 4488 412 4570 0001,
443 4488 529 4569 001,
555 4488 617 4569 01,
645 4492 684 4553 et
714 4490 757 4554 l:
794 4481 982 4577 subjungit
1011 4479 1100 4552 ridi-

65 4593 148 4682 cole,
157 4593 256 4690 fieri
273 4592 418 4690 quidem
435 4617 685 4690 nonnunquam
695 4603 826 4691 potest
843 4603 884 4666 nt
901 4592 1100 4691 elegantia
