2618 5092
281 653 605 708 uannnuamea
625 656 868 709 naumann.
1053 641 1101 707 95

59 832 86 896 et
98 822 420 896 mathematicus?
472 823 546 898 Qui
562 823 642 895 fieri
656 823 790 919 potuit,
803 833 846 894 ut
861 823 1101 917 geometriam
1139 850 1289 892 ornianus

58 935 92 1008 ab
107 934 352 1009 arithmetica
369 934 577 1031 dependere
595 934 746 1024 diceret,
757 936 822 1032 qui
839 936 951 1009 sciret
960 935 1103 1010 radices
1142 931 1286 1037 L

58 1071 292 1122 numerorum
327 1048 591 1144 quadratorum
622 1049 693 1122 rite
720 1060 904 1121 extractas
934 1072 1011 1122 esse
1039 1050 1102 1123 de-

59 1163 251 1236 monstrari
283 1185 364 1234 non
397 1184 516 1256 posse,
540 1160 612 1234 nisi
642 1184 709 1257 per
739 1171 908 1257 quartam
935 1163 1102 1257 proposi-

60 1275 189 1348 tionem
206 1274 399 1348 Elementi
419 1274 571 1348 secundi
598 1273 762 1348 Euclidis
789 1298 881 1371 pure
908 1276 1103 1370 geometri-

62 1391 156 1461 eam‘l
209 1387 385 1483 Denique
414 1387 477 1483 qui
499 1387 622 1484 potuit
639 1402 806 1459 veterum
830 1399 1103 1482 geometrarum

63 1502 220 1575 omnium
236 1500 424 1598 capitibus
442 1500 495 1573 ita
506 1500 696 1589 insultare,
713 1512 757 1572 nt
770 1498 909 1572 diceret
927 1523 990 1572 eos
1003 1500 1103 1597 alge-

63 1613 155 1687 bram
188 1613 397 1711 ignorasse,
423 1613 534 1710 idque
566 1613 652 1710 quia
681 1613 894 1686 nesciebant
922 1624 1103 1711 parietum

65 1727 255 1822 geometris
281 1727 383 1800 idem
410 1751 489 1800 esse
520 1727 622 1824 quod
652 1726 749 1800 aibil
772 1727 1025 1816 arithmeticiS,
1039 1729 1102 1823 qui

66 1842 165 1915 sciret
189 1841 224 1914 si
247 1849 426 1939 punctam
452 1840 545 1913 nihil
572 1840 632 1928 sit,
659 1862 779 1934 neque
809 1838 953 1928 lineam,
983 1864 1102 1935 neque

67 1954 307 2052 apmfieim,
326 1976 445 2048 neque
462 1953 622 2027 solidam
639 1952 837 2048 quicquam
850 1953 953 2026 esse?
1005 1954 1103 2028 Prae-

68 2079 169 2157 terea,
201 2066 399 2140 considera
432 2068 600 2162 proxima
628 2067 707 2162 ejus
738 2066 851 2138 verba
876 2066 980 2139 haee:
1016 2066 1103 2140 Noa

69 2181 145 2277 qaia
159 2180 264 2254 linea
283 2178 471 2277 bipedalia
485 2178 651 2278 bipedali
667 2178 803 2252 addita
813 2178 923 2274 facil
940 2179 1104 2276 quadru-

67 2292 241 2388 pedalem,
270 2291 356 2365 ideo
382 2292 457 2374 duo
483 2302 520 2365 el
551 2292 624 2366 dao
642 2291 798 2389 faciant
832 2302 1004 2388 quatuor,
1035 2295 1106 2367 sed

68 2407 181 2502 potius
198 2405 285 2503 qaia
312 2405 394 2494 boa,
411 2430 503 2503 ergo
526 2405 632 2479 illud.
686 2405 991 2500 Subintelligitur,
1009 2431 1103 2504 ergo

72 2520 267 2615 geometria
298 2518 347 2592 ab
375 2519 611 2593 arithmetica
642 2518 839 2616 dependet,
856 2544 927 2592 aaa
950 2518 1027 2592 baec
1055 2518 1103 2593 ab

74 2630 139 2706 illo.
192 2631 295 2705 Belle
321 2631 531 2707 admodum.
582 2632 651 2706 Die
679 2632 770 2705 mihi
797 2633 1002 2728 propositio
1029 2633 1102 2724 illa,

75 2743 134 2818 lua
150 2754 190 2818 et
205 2744 279 2818 duo
292 2744 451 2842 faciant
466 2755 637 2844 quatuor,
656 2757 759 2818 estne
777 2744 968 2819 definitio?

116 2858 161 2931 B.
188 2858 287 2930 Non.

115 2971 161 3044 Α.
187 2971 241 3044 At
256 2969 433 3043 axioma?

116 3084 163 3157 B.
189 3084 260 3156 Ita.

115 3197 161 3271 A.
188 3198 257 3271 Est
283 3220 373 3292 ergo
400 3196 538 3268 lumine
565 3196 724 3269 naturali
751 3196 963 3292 cognitum;
989 3220 1105 3271 nona

77 3312 239 3407 magistro
256 3309 497 3384 arithmeticae
513 3320 712 3405 repertum,
730 3307 794 3382 sed
817 3333 901 3381 oum
925 3309 1006 3405 ipsa
1022 3334 1104 3384 ver-

77 3420 194 3498 borum
211 3423 463 3497 intellectione
481 3447 503 3495 a
519 3423 641 3519 pueris
658 3435 858 3518 receptum.
911 3423 997 3497 Non
1015 3448 1104 3523 ergo

76 3534 175 3611 habet
200 3537 248 3611 ab
267 3536 498 3610 arithmetico
515 3548 716 3632 geometra,
736 3536 870 3610 lineam
897 3535 1104 3635 bipedalem

78 3646 173 3724 linea
209 3648 379 3748 bipedali
412 3648 580 3722 additam
600 3649 744 3747 faeere
779 3648 911 3723 lineam
938 3652 1104 3749 quadra-

71 3763 245 3857 pedalem.

117 3877 164 3950 Β.
192 3877 281 3951 Νοιι
309 3875 359 3948 sit
393 3899 481 3971 ergo
511 3876 666 3964 axioma,
698 3875 763 3949 sed
796 3877 843 3949 ab
873 3878 1104 3955 arithmetico

78 3986 405 4064 demonstrandum.

116 4104 163 4176 A.
192 4104 287 4178 Quis
298 4114 422 4176 autem
431 4099 522 4173 illud
534 4102 785 4176 arithmeticus
798 4115 863 4176 aut
875 4103 1104 4178 demonstra-

77 4215 131 4306 vit,
149 4230 216 4291 aut
234 4216 486 4289 demonstrare
503 4238 542 4287 se
560 4214 728 4289 debuisse
741 4217 923 4312 judicavit
941 4217 953 4290 l
1009 4220 1104 4291 Satis

78 4330 161 4402 enim
180 4355 205 4403 a
219 4329 436 4416 nutricibuS,
456 4327 543 4400 dnm
561 4329 712 4402 nomina
725 4354 961 4403 numerorum
971 4356 1104 4426 pueros

78 4439 213 4532 docent,
240 4442 524 4516 demonstratur.
577 4441 688 4531 Quid,
716 4444 815 4539 quod
840 4444 992 4516 infinitae
1019 4459 1106 4519 sunt

80 4557 294 4650 quantitates
311 4555 508 4646 eontinuae,
524 4579 681 4651 quarum
696 4556 804 4631 unius
821 4557 868 4631 ad
886 4557 995 4631 aliam
1012 4559 1107 4632 ratio
