2618 5092
261 672 580 727 utununnmon
600 672 848 726 uooinnnn.
1004 659 1074 726 153

73 840 226 915 datdonis
242 841 445 939 explicasse
462 841 515 914 sio
526 867 536 912 t
547 839 702 936 fractio
719 848 777 913 est
799 860 969 912 numeras
980 863 1078 938 por·
1117 864 1257 906 nnnoon

72 954 158 1039 tiam
172 954 342 1054 proprio
358 953 503 1050 quidem
519 953 652 1035 anim
666 952 877 1051 improprio
893 975 979 1024 oero
993 952 1079 1051 pla-
1117 946 1257 1050 „L

72 1067 139 1140 rau
152 1092 260 1166 quom
276 1067 397 1140 anius.

104 1180 142 1255 B.
164 1182 359 1255 accurate.

102 1291 137 1366 A.
160 1293 304 1367 Deinde
319 1292 433 1365 verba
449 1293 541 1381 haeo,
561 1292 634 1365 ted
653 1301 691 1365 et
719 1290 803 1364 hino
829 1291 942 1364 etiam
967 1301 1080 1390 potet

70 1405 219 1479 rationum
257 1414 297 1479 et
322 1405 558 1502 fractiormm
591 1404 772 1478 identitas
804 1405 883 1476 sive
916 1404 1080 1499 affinitas

71 1518 212 1607 sommo,
237 1517 387 1591 illorum
404 1528 492 1590 sunt
508 1517 571 1612 qui
589 1517 678 1613 quid
694 1530 866 1590 accurate
882 1517 1078 1590 dicendum

70 1629 288 1727 sitiguoraut.
339 1629 420 1701 Vox
451 1629 549 1701 enim
570 1629 634 1702 illa
657 1630 823 1724 affinitas
848 1630 1078 1703 mathemati-

70 1765 165 1816 oomm
182 1767 260 1817 non
277 1755 346 1816 est.
398 1742 438 1816 Si
455 1743 551 1815 ratio
576 1754 614 1816 et
641 1742 773 1834 fraotio
796 1743 925 1816 eadem
942 1766 1002 1816 res
1018 1743 1078 1844 sit,

70 1856 133 1949 quid
147 1881 237 1954 opus
250 1868 309 1930 est
325 1857 427 1954 loqui
444 1855 490 1928 de
507 1855 713 1930 affinitate?
757 1858 796 1930 Si
809 1857 975 1944 diversa,
988 1880 1079 1952 quo-

68 1969 151 2043 uodo
166 1968 321 2044 affines?

102 2081 142 2155 B.
166 2083 265 2158 Quia
291 2081 423 2156 fractio
451 2082 631 2156 rationem
656 2080 796 2154 indicat
821 2079 1007 2154 dividendi
1031 2082 1078 2155 ad

68 2189 247 2269 divisorem.

103 2307 142 2381 A.
167 2308 413 2405 Horologium
430 2306 571 2381 indicat
587 2309 727 2381 horam.
768 2307 892 2382 Quare
902 2331 991 2403 ergo
1004 2332 1080 2380 non

69 2428 109 2490 est
134 2420 314 2517 horologii
342 2430 381 2493 et
413 2420 514 2494 horae
544 2419 603 2492 vel
633 2419 820 2510 identitas
857 2420 915 2493 vel
949 2421 1079 2494 saltem

67 2533 196 2608 noima
211 2531 397 2607 affinitas?
448 2533 536 2606 Nou
561 2533 615 2606 ita
636 2533 849 2607 ratiocinari
866 2534 986 2608 solent
1002 2559 1079 2607 ma-

67 2642 238 2720 thematici.
290 2646 403 2719 Porro
420 2645 512 2734 haec,
523 2645 664 2744 quippe
679 2644 736 2718 nil
749 2645 856 2719 aliud
868 2656 954 2720 sant
966 2647 1081 2744 froo-

67 2753 158 2832 liom
173 2784 285 2858 quom
301 2758 488 2832 rationum
501 2759 805 2850 damminatores,
817 2773 989 2835 accurata
1004 2785 1080 2835 non

67 2882 139 2944 mt.
187 2874 287 2946 Nam
312 2871 443 2945 fractio
473 2872 685 2946 denominat
709 2897 902 2947 numerum
937 2885 1079 2948 certum

67 2994 222 3058 terarum
239 2984 413 3081 portium,
431 2996 473 3058 ut
490 2986 522 3070 t,
540 2984 658 3073 idest,
675 2996 751 3059 tres
767 2999 890 3082 partes
908 2998 1078 3083 quartas;

67 3095 112 3186 qui
125 3120 295 3172 numerus
318 3109 374 3171 est
397 3097 605 3170 absolutus:
632 3098 726 3171 ratio
753 3111 876 3171 autem
894 3099 1079 3194 quantitas

67 3217 201 3285 estnon
237 3210 417 3299 absoluta,
450 3210 516 3283 sed
550 3211 808 3306 comparativa.
870 3212 955 3284 Non
989 3233 1078 3307 ergo

67 3314 251 3399 denominat
267 3323 401 3397 fractio
419 3324 609 3408 rationem,
632 3322 696 3395 sed
714 3323 876 3397 ostendit
892 3326 1080 3419 quantita·

65 3438 120 3506 tem
132 3437 274 3510 numeri
291 3436 461 3526 absoluti,
478 3447 522 3508 ut
539 3444 575 3523 3,
592 3436 794 3534 comparati
818 3461 903 3511 oum
924 3460 1077 3513 numero

64 3541 216 3638 absoluto,
237 3560 281 3621 ut
298 3559 334 3622 4.

99 3658 141 3734 B.
165 3663 254 3737 Non
282 3661 389 3735 video
423 3662 608 3758 quomodo
641 3664 721 3736 haec
751 3664 879 3758 negari
911 3678 1077 3760 possunt.

64 3764 168 3869 Neque
184 3775 379 3872 quicquam
399 3773 502 3847 illum
522 3774 629 3871 juvat
647 3775 746 3870 quod
763 3775 936 3873 deinceps
952 3777 1076 3868 habet,

63 3881 224 3978 nimirum,
248 3887 351 3984 qood
366 3887 499 3959 Aurea
525 3886 676 3985 Regula
702 3888 885 3962 rationum
909 3890 1077 3964 rationes

62 4009 258 4098 comparum
285 4010 323 4072 et
339 3999 440 4097 qood
453 4024 547 4100 opus
564 4001 616 4073 uit
632 4001 858 4075 arithmetici
872 4028 943 4076 non
960 4004 1078 4076 minas

61 4114 233 4200 rationum,
250 4136 356 4209 quam
373 4136 598 4185 numeroram
617 4113 781 4186 rationes
798 4115 1050 4213 contemplari.

96 4228 137 4300 A.
165 4227 288 4324 Caput
303 4225 379 4298 xlii.
405 4239 462 4298 est
485 4224 531 4298 de
558 4225 745 4299 additione
772 4240 810 4299 et
836 4227 1076 4300 subductione

58 4331 271 4414 lucdunum.
324 4336 435 4412 Quod
455 4336 500 4409 de
528 4337 715 4410 additione
732 4337 822 4411 dicit
839 4363 965 4411 earum
981 4339 1076 4411 frac-

58 4446 190 4542 tionum,
209 4474 364 4549 quarum
381 4450 479 4524 idem
497 4450 752 4524 denominator
767 4465 836 4541 est,
853 4475 980 4523 verum
998 4463 1074 4523 est:

57 4567 242 4662 etquidem
259 4564 552 4639 demonstratum
564 4576 673 4655 esset,
688 4565 757 4638 nisi
771 4564 931 4639 medium
943 4564 1075 4661 ipsum,
