2640 5092
425 609 759 666 GBOMETRARUM.

482 1025 586 1101 CAP.
613 1027 700 1101 XII.

321 1223 376 1275 DE
404 1223 554 1276 usnam
587 1223 860 1277 RATIONIBUS.

66 1339 296 1414 Dnrruurro
319 1356 445 1415 sexta:
473 1342 511 1415 in
529 1342 656 1416 eodem
673 1342 818 1414 ratione
834 1339 1111 1439 magnitudines
1149 1374 1217 1415 cnr.
1233 1375 1288 1416 χιι.

66 1452 246 1527 dicuntur
272 1477 366 1544 csse,
387 1454 517 1554 prima
543 1454 598 1528 od
620 1455 831 1543 secundom,
858 1463 895 1527 ct
918 1454 1035 1526 tertia
1057 1452 1111 1526 ad
1147 1444 1290 1546 M

66 1578 251 1664 quartana,
268 1592 347 1640 cum
359 1568 494 1666 prima
519 1576 557 1641 et
579 1569 702 1641 tertia
720 1593 824 1666 oequc
843 1566 1066 1664 multiplicia
1084 1591 1109 1638 a
1147 1567 1275 1610 ''mlh“

65 1678 237 1753 mnan
262 1691 300 1753 et
323 1690 467 1779 quarta
484 1706 588 1778 oeque
604 1679 880 1778 multiplicibus,
898 1677 1106 1777 qualiscun-

67 1818 133 1891 que
149 1793 205 1866 sit
220 1792 300 1866 bac
317 1793 589 1893 multiplicatio,
607 1803 795 1891 utrumque
812 1791 860 1865 ab
877 1803 1034 1889 utroque
1050 1791 1112 1866 ocl

66 1931 141 1980 una
157 1906 344 2001 dqiciunt,
363 1906 422 1980 ocl
443 1930 517 1979 uua
534 1905 696 2004 aqualia
713 1915 811 1993 sunt,
829 1904 887 1979 ael
903 1929 976 1977 una
1002 1929 1109 1977 erce-

66 2017 185 2093 dunt:
207 2017 244 2091 si
260 2043 306 2092 cu
319 2029 511 2092 sumantur
522 2044 605 2117 qum
622 2018 721 2091 inter
738 2042 779 2090 sc
796 2016 1031 2114 respondent.

115 2130 161 2205 ln
180 2131 251 2204 hae
268 2131 481 2206 definitione
507 2131 607 2204 nulla
634 2130 773 2205 mentio
797 2142 854 2203 est
881 2128 1109 2203 habitudinis

65 2245 175 2318 anius
188 2245 458 2344 magnitudinis
471 2245 526 2318 ad
538 2244 666 2334 alium,
678 2269 763 2318 cnm
773 2257 898 2318 tamen
912 2268 957 2317 ex
977 2242 1110 2317 defini·

64 2356 169 2433 tione
185 2356 349 2433 Euclidis
366 2360 480 2432 rerba
505 2358 567 2432 illa
593 2369 679 2432 sunt
697 2358 743 2431 de
760 2358 913 2431 rationis
936 2358 1105 2431 essentia.

64 2470 198 2569 ltaque
214 2485 280 2546 aut
304 2472 470 2546 definitio
487 2473 658 2562 rationis,
682 2484 747 2547 aut
764 2472 929 2546 definitio
946 2471 1108 2568 ejusdcm

62 2583 242 2673 rationis,
260 2585 394 2659 vitiosa
416 2598 483 2659 est.
534 2585 664 2682 Neque
682 2586 826 2658 axioma
843 2598 910 2673 est,
929 2585 1017 2681 quia
1032 2608 1107 2657 non

61 2710 124 2771 est
140 2696 279 2772 lumine
298 2699 457 2773 naturali
481 2697 790 2796 cognoscendum.
843 2699 971 2794 Neque
989 2708 1044 2771 est
1061 2721 1107 2769 ex

61 2810 371 2887 antecedentibus
389 2812 685 2886 demonstrabile.
737 2811 867 2906 Neque
886 2809 1042 2906 denique
1059 2809 1106 2882 de

61 2924 274 3021 quantitate
305 2925 480 2999 continua
507 2923 791 2999 demonstrabile
820 2936 877 2996 est
904 2947 950 2996 ex
980 2923 1106 2995 subse·

62 3038 277 3136 quentibus.
328 3039 377 3112 Et
399 3051 523 3112 tamen
539 3062 627 3111 vera
643 3048 700 3109 est
721 3037 937 3132 propositio,
954 3049 994 3108 et
1018 3059 1107 3109 con-

61 3173 172 3225 versa
188 3151 449 3248 propositionis
472 3161 514 3226 12
532 3151 640 3248 hujus
656 3150 838 3223 Elementi
855 3174 891 3221 r.
946 3149 1106 3221 Demon-

61 3263 176 3337 attari
204 3278 328 3338 autem
358 3277 483 3361 potest
516 3288 582 3362 per
612 3264 862 3337 definitionem
895 3285 1007 3355 quam
1036 3285 1106 3357 ego

60 3376 172 3474 posui
195 3377 314 3451 huna:
340 3377 444 3451 ratio
467 3387 525 3450 cst
551 3377 706 3451 duorum
728 3374 1021 3473 magnitudinum
1047 3399 1105 3446 sc-

61 3490 222 3564 endum
256 3492 501 3588 quantitatem
534 3491 700 3565 relatio:
743 3501 781 3563 et
815 3487 1104 3562 demonstratam

59 3603 150 3677 vidi.

112 3715 275 3805 Clarius,
305 3717 467 3792 sentiens
500 3718 557 3808 (ut
590 3718 697 3814 puto)
731 3714 983 3788 definitionem
1009 3714 1106 3787 hanc

61 3852 174 3927 egere
198 3828 422 3918 defensione,
439 3831 599 3927 longam,
618 3831 664 3903 de
690 3853 800 3903 eausa
823 3841 1105 3926 propterquam

62 3943 270 4017 “Euclides
287 3956 445 4039 quatuor
462 3943 737 4040 magnitudines
760 3942 1051 4039 proportionales
1068 3953 1106 4013 et

61 4078 137 4130 non
154 4057 447 4154 proportionales
464 4081 531 4154 per
548 4080 675 4129 earum
688 4080 791 4152 aeque
809 4055 1026 4151 multiplicia
1042 4052 1105 4124 de-

60 4169 234 4256 finierit,”
253 4171 457 4243 orationem
484 4169 690 4256 instituens,
715 4168 852 4241 nullam
878 4167 999 4239 adfert
1021 4190 1107 4238 cau·

61 4305 138 4357 nam
169 4282 291 4372 aliam,
318 4296 564 4381 praeterquam
591 4282 701 4379 qnod,
726 4294 879 4378 propter
904 4280 1104 4351 multarum

61 4397 360 4495 magnitudinum
383 4394 870 4482 incommensurabilitatem‚
889 4406 1037 4466 coactus
1055 4392 1104 4463 sit

60 4511 285 4608 investigare
302 4511 440 4608 aliquid
459 4509 558 4606 quod
576 4522 719 4583 eertum
737 4508 786 4580 sit
810 4506 1006 4579 convenire
1023 4506 1102 4601 qui-

161 4644 258 4699 vos..
274 4646 331 4698 tv.
933 4641 956 4691 n
979 4641 1003 4692 n
