2618 5092
338 625 618 679 nnonnnuarx
638 599 833 679 nursrcxss
1033 607 1105 673 ³19

59 792 291 889 plenitudine
308 794 508 891 supposita,
526 791 711 889 quomodo
734 789 1002 866 demonstrabis
1024 813 1107 886 pos·

59 907 161 981 sibile
179 908 334 981 omnino
353 930 432 981 esse
448 920 490 982 ut
508 906 756 980 divellantur?

107 1018 156 1094 B.
183 1020 320 1118 Cogita
353 1021 472 1117 primo
507 1044 640 1117 corpus
673 1019 824 1116 aliquod
856 1016 1005 1102 ductile,
1039 1040 1108 1089 nec

59 1134 169 1207 nimis
187 1133 335 1223 durum,
360 1148 404 1207 ut
429 1157 563 1224 ceram,
594 1135 631 1206 in
657 1131 748 1206 duas
774 1144 900 1229 partes
926 1129 1107 1204 distrahi:

60 1270 142 1343 quae
159 1250 288 1335 tamen
310 1258 434 1344 partes
463 1271 539 1322 non
561 1247 683 1320 minus
706 1258 837 1320 exacte
860 1245 899 1318 in
922 1242 1110 1317 communi

59 1357 170 1454 plano
189 1382 229 1432 se
246 1371 377 1433 mutuo
394 1370 555 1455 tangunt
571 1382 681 1455 quam
698 1357 893 1431 laevissima
910 1378 1107 1428 marmora.

59 1470 141 1543 Jam
179 1495 253 1568 quo
286 1481 397 1567 pacto
431 1469 658 1545 distrahatur
691 1494 788 1560 cera,
823 1467 1107 1542 consideremus.

60 1583 196 1658 Nonne
215 1597 396 1680 perpetuo
418 1595 644 1673 attenuatur,
662 1582 781 1656 donec
798 1583 837 1655 in
854 1581 957 1656 filum
976 1580 1110 1653 evadat

59 1695 327 1785 tenuissimum,
345 1709 384 1770 et
406 1698 508 1771 omni
528 1697 614 1770 dato
639 1720 763 1770 crasso
792 1696 960 1769 tenuius:
987 1705 1026 1768 et
1056 1694 1109 1767 sic

59 1808 211 1883 tandem
228 1808 441 1884 divellitur?
492 1809 631 1884 Eodem
649 1808 761 1882 modo
784 1808 897 1881 etiam
914 1807 1110 1881 durissima

61 1921 233 1996 columna
249 1922 289 1995 in
307 1921 398 1997 duas
413 1936 539 2019 partes
557 1923 792 2010 distrahetur,
819 1922 941 1995 sirim
966 1932 1109 1994 tantam

60 2033 236 2108 adhibeas
266 2047 406 2132 quanta
437 2035 572 2109 sufficit
602 2034 650 2108 ad
681 2034 927 2107 resistentiam
961 2033 1109 2106 duritiei

64 2146 321 2243 superandam.
388 2149 493 2222 Sicut
522 2150 621 2223 enim
654 2148 692 2220 in
722 2170 808 2220 cera
836 2159 960 2244 partes
987 2147 1107 2243 primo

61 2261 208 2334 extimae
236 2258 502 2351 distrahuntur,
537 2261 578 2334 in
607 2284 764 2357 quarum
791 2260 914 2333 locum
943 2259 1109 2333 succedit

60 2397 144 2447 aer:
170 2374 225 2446 ita
242 2373 354 2447 etiam
377 2374 416 2447 in
443 2397 598 2471 corpore
621 2373 895 2470 quantumlibet
925 2372 1017 2447 duro
1046 2397 1109 2446 aer

60 2487 181 2560 locum
208 2487 307 2561 subit
331 2487 493 2584 partium
520 2486 752 2576 extimarum,
776 2510 860 2583 quae
879 2487 1009 2584 primae
1030 2488 1112 2560 vul-

62 2601 172 2676 sionis
185 2601 325 2674 viribus
342 2600 614 2697 dirumpuntur.
647 2601 713 2674 Vis
726 2614 851 2675 autem
865 2626 948 2698 quae
962 2612 1112 2697 superat

62 2713 311 2788 resistentiam
330 2714 492 2811 partium
515 2714 735 2787 extimarum
762 2714 858 2804 duri,
876 2714 985 2788 facile
1002 2738 1110 2810 supe-

62 2827 159 2901 rabit
192 2827 439 2900 resistentiam
472 2826 707 2923 reliquarum.
772 2828 869 2900 Nam
901 2827 1111 2901 resistentia

61 2941 181 3037 prima
198 2951 256 3012 est
277 2950 397 3013 atoto
422 2937 527 3029 duro,
557 2938 781 3035 reliquarum
797 2964 884 3014 vero
915 2959 1061 3036 semper
1087 2964 1111 3012 a

63 3052 222 3128 residuo.

114 3166 165 3240 Α.
192 3166 252 3239 Ita
271 3164 420 3261 quidem
441 3164 588 3238 videtur
613 3163 862 3238 consideranti
890 3188 1000 3261 quam
1028 3188 1110 3238 cor-

66 3304 157 3377 pora
183 3277 365 3376 quaedam,
392 3278 596 3375 praesertim
613 3300 701 3350 vero
728 3276 935 3367 durissima,
961 3276 1111 3373 *fragilia

66 3395 150 3468 sint.
204 3391 389 3465 Caeterum
407 3390 453 3464 de
471 3390 606 3464 duritie
621 3390 858 3486 interrogabo
876 3403 914 3463 te
927 3389 999 3465 alio
1017 3404 1110 3465 tem-

66 3531 167 3603 pore.
220 3502 280 3577 ad
295 3528 453 3578 vacuum
476 3527 576 3577 nunc
605 3516 783 3577 revertor.
835 3503 939 3578 Quas
969 3528 1109 3594 causas,

65 3619 140 3694 sine
154 3618 408 3715 suppositione
420 3617 539 3707 vacui,
552 3616 765 3690 redditurus
782 3639 821 3689 es
839 3615 987 3690 illorum
1001 3619 1110 3691 effec-

65 3743 169 3807 tuum
187 3731 250 3827 qui
269 3730 516 3804 ostenduntur
529 3753 596 3827 per
613 3731 821 3804 machinam
838 3731 938 3804 illam
955 3756 1037 3829 qnae
1054 3744 1111 3805 est

65 3845 102 3919 in
118 3843 286 3940 Collegio
304 3843 587 3924 Greshamensi?

112 3957 165 4032 B.
192 3957 368 4031 Machina
383 3956 448 4030 illa
471 3956 620 4030 eosdem
644 3957 797 4030 effectus
815 3956 999 4054 producit,
1018 3981 1110 4054 quos

67 4070 288 4166 produceret
316 4068 355 4142 in
384 4068 466 4142 loco
496 4093 572 4142 non
599 4092 734 4165 magno
763 4093 919 4165 magnus
948 4069 1109 4142 inclusus

67 4196 208 4258 ventus.

113 4296 163 4370 A.
192 4296 389 4372 Quomodo
411 4294 618 4392 ingreditur
639 4294 733 4368 istuc
760 4295 917 4368 ventus?
968 4295 1111 4368 Machi-

72 4432 153 4484 nam
172 4410 272 4484 nosti
289 4409 496 4508 cylindrum
509 4432 587 4482 esse
604 4431 746 4496 cavum,
760 4431 926 4481 aeneum:
945 4407 984 4480 in
1002 4431 1112 4503 quam

76 4525 306 4620 protruditur
329 4523 517 4621 cylindrus
540 4522 633 4597 alius
661 4522 798 4596 solidus
824 4521 981 4618 ligneus,
1012 4521 1114 4595 corio
