2618 5092
269 673 853 727 mnrnuuarromuoornuss.
1022 657 1090 736 175

60 841 412 932 demonstrationem,
424 866 508 940 quae
517 852 664 939 poterat
675 841 832 939 decuplo
843 863 922 915 esse
931 841 1089 914 brevior.
1134 865 1284 908 sinuosus

62 955 173 1052 ltaque
191 980 278 1052 quae
293 968 501 1053 sequuntur
518 956 790 1053 propositiones
803 956 854 1045 iii,
871 956 920 1044 iv,
937 980 973 1045 v,
986 968 1025 1028 et
1043 955 1091 1044 vi,
1132 949 1274 1052 ,ξω

63 1069 118 1141 etsi
132 1093 237 1143 veras
254 1069 419 1143 habeant
440 1070 705 1157 conclusiones,
723 1069 875 1142 vitiosas
900 1068 1093 1142 continent

65 1182 362 1256 ratiocinationes.
403 1183 560 1257 Easdem
577 1194 701 1256 tamen
715 1181 966 1256 conclusiones
984 1206 1093 1255 nemo

66 1314 125 1367 uon
136 1295 252 1383 novit,
262 1318 333 1368 nee
349 1307 450 1369 recte
467 1319 542 1369 non
559 1305 694 1392 potest,
709 1307 746 1368 et
762 1295 925 1368 breviter
941 1295 1093 1368 demon-

68 1418 177 1481 strare.
229 1408 437 1506 Propositio
453 1409 515 1498 vii,
532 1422 668 1506 praeter
692 1408 946 1499 terminorum,
960 1409 1092 1505 quibus

68 1529 203 1594 utuntur
238 1522 438 1618 scriptores
480 1521 613 1609 conici,
656 1520 901 1611 definitiones
946 1522 1093 1595 unicam

69 1630 158 1708 labet
190 1632 559 1722 demonstrationem,
594 1647 634 1707 et
667 1634 810 1708 monita
844 1634 1012 1731 quaedam
1047 1659 1094 1708 ne

70 1766 126 1820 non
140 1760 243 1821 reete
265 1747 548 1845 intelligeretur,
566 1747 620 1821 illi
637 1749 701 1844 qui
723 1772 800 1822 uon
817 1750 905 1823 satis
923 1761 1094 1822 accurate

71 1857 211 1957 loquitur
225 1860 336 1957 plane
349 1858 566 1935 necessaria.
604 1861 810 1957 Propositio
825 1885 934 1958 quam
947 1862 1096 1936 demon-

71 1982 153 2062 strat,
179 1974 264 2048 haec
292 1986 373 2047 est:
401 1974 559 2072 planum
586 1975 669 2047 corti
695 1961 891 2048 sectionem
920 1976 1095 2070 efficiens,

28 2070 31 2151 l
71 2084 209 2161 danum
225 2113 275 2162 ere
284 2086 488 2186 parallelas
505 2087 544 2160 in
570 2112 660 2161 cono
676 2086 831 2161 circulis
856 2097 954 2160 secet
970 2113 1096 2161 aecon-

72 2196 137 2272 ἄη
176 2210 321 2275 rectam
355 2199 475 2298 ipsim
513 2200 698 2274 diametro
724 2201 1096 2298 perpendicularem,

71 2312 163 2386 dmm
205 2311 374 2411 reliquos
408 2311 468 2386 illi
502 2311 719 2410 parallelos
753 2312 913 2386 circulos
954 2314 1097 2387 secabit

27 2466 30 2471 -
71 2425 248 2499 recondam
269 2436 408 2517 rectos,
436 2451 518 2524 quoe
547 2427 713 2524 ipsorum
741 2425 934 2499 diametrici
958 2427 1097 2526 parab

27 2548 29 2553 '
71 2531 137 2610 lete
150 2549 240 2612 aaut
258 2538 625 2638 perpendicrdarea:
651 2563 735 2634 quae
751 2563 817 2636 per
834 2562 874 2613 se
891 2541 1096 2637 perspicua,

71 2669 124 2724 uec
136 2674 233 2725 nova
250 2662 319 2725 est.
372 2653 482 2725 Hanc
505 2676 593 2749 ergo
619 2653 920 2749 propositionem,
947 2665 991 2726 ut
1020 2677 1096 2726 non

71 2759 145 2838 falsa
159 2765 426 2854 continentem,
442 2765 541 2861 quod
558 2764 684 2838 deberi
701 2777 793 2861 puto
806 2766 983 2839 absentiae
1000 2788 1098 2862 sym-

71 2871 233 2967 bolorum,
252 2876 492 2951 dimittamus.

109 2990 154 3064 A.
178 2991 431 3088 Expectabam
447 2991 508 3064 hic
525 3000 567 3063 ut
588 2989 860 3063 demonstraret
877 2991 1098 3063 circulorum

72 3122 181 3178 onnes
196 3105 238 3178 in
256 3128 353 3178 cono
369 3105 599 3202 perimetros,
625 3104 826 3200 perimetro
852 3104 951 3177 basis
978 3104 1098 3199 paral-

71 3210 155 3308 lelas,
171 3217 258 3292 coni
274 3217 391 3292 totins
409 3217 615 3314 superficiei
633 3240 712 3290 esse
736 3216 917 3312 squales3
944 3228 986 3289 ut
1012 3228 1099 3290 ante

73 3327 196 3405 minuta
211 3330 557 3428 parallelogramma
573 3329 759 3425 triangulo
778 3328 861 3402 toti.

110 3442 155 3517 B.
179 3446 230 3518 Et
253 3467 335 3541 ego.
388 3443 461 3517 Sed
488 3443 527 3517 id
553 3445 650 3517 forte
676 3443 811 3516 oblitus
837 3440 1099 3537 praetermisit3

74 3573 153 3646 uam,
178 3569 335 3656 propter
362 3557 563 3631 secundam
580 3554 834 3628 Aritlcmeticae
851 3553 1099 3649 Irpinitorum,

74 3688 133 3743 nou
148 3670 272 3768 potuit
287 3669 414 3744 videre
437 3669 647 3743 falsitatem.
705 3668 758 3741 At
782 3666 1034 3762 Propositione
1051 3668 1100 3757 iv,

75 3780 183 3856 eadem
199 3782 264 3856 illa
280 3781 455 3855 methodo
472 3781 635 3857 ostendit
656 3780 932 3876 semiparabolae
948 3780 1100 3877 planum

77 3894 274 3969 exiufinitis
290 3906 461 3968 constare
482 3894 659 3968 lateribus
682 3892 958 3990 quadratorum,
989 3894 1103 3967 arith·

23 4004 28 4067 l
78 4007 188 4083 notice
213 4007 570 4106 proportionalium
597 4019 636 4081 et
664 4017 765 4081 recte
797 4008 959 4102 quidem,
990 4006 1101 4080 modo

23 4152 25 4177 =
78 4112 155 4195 latus
169 4120 342 4219 quadrati
355 4121 601 4195 concedamus
614 4144 692 4194 esse
705 4120 1100 4217 parallelogrammum.

23 4198 26 4319 l
116 4234 159 4307 A.
183 4233 601 4309 Sedilludfalsumest.

23 4346 25 4355 '
118 4343 161 4419 B.
185 4346 267 4422 Scis
283 4358 407 4420 autem
425 4371 471 4420 ex
492 4347 593 4421 falsis
609 4370 749 4437 verum,
776 4347 846 4420 etsi
871 4369 946 4420 non
972 4354 1103 4417 contra

83 4460 212 4535 exseris
227 4459 374 4548 fulsum,
385 4461 556 4535 concludi
572 4484 690 4558 posse.
723 4460 826 4534 Idem
844 4458 974 4532 eodem
991 4455 1102 4528 modo

85 4562 265 4668 Propositio
292 4572 332 4647 ix
358 4575 489 4669 probat
514 4574 560 4649 de
578 4573 735 4648 conoide
757 4570 981 4670 parabolice,
1003 4567 1103 4664 quod
