2618 5092
225 679 297 743 2l4
442 692 713 747 examinacio
732 694 784 747 lt't·
802 690 1054 747 turnomio

47 885 187 927 ›inocus
225 862 301 934 sive
327 885 390 934 sex
414 861 741 958 quindecinorum,
771 860 863 935 dicti
889 882 999 935 arem
1026 858 1143 935 Boo.
1184 852 1243 931 Sed

47 967 184 1070 ‚L
225 977 335 1048 tertia
350 998 436 1072 pars
453 999 517 1048 sex
534 974 850 1071 quindecimamm
868 984 927 1049 est
945 970 1004 1067 ᾖ.
1054 972 1174 1049 Quare
1185 968 1244 1045 AO

224 1101 282 1161 est
299 1086 341 1179 5}—
359 1112 465 1162 arcus
484 1088 603 1177 BCD,
620 1088 698 1162 sire
714 1098 828 1163 rectae
844 1087 916 1161 ΑΕ
932 1086 993 1161 vel
1008 1086 1090 1161 DF.
1137 1084 1245 1180 ltaque

225 1213 392 1274 centrum
409 1201 602 1297 gravitatis
623 1199 842 1275 semicirculi
858 1199 1040 1297 genitoris
1055 1196 1193 1273 Anco
1206 1198 1247 1271 iu

225 1314 356 1387 dividit
373 1315 518 1388 radium
534 1315 606 1388 Ac
631 1315 670 1387 in
693 1314 740 1404 Ο,
765 1326 809 1389 ut
834 1338 921 1411 pars
937 1312 1012 1387 ΑΟ
1037 1313 1088 1387 sit
1101 1308 1144 1403 5¹,-
1159 1331 1246 1385 arcus

225 1426 344 1500 BCD.
396 1428 507 1503 Quod
525 1438 604 1501 erat
621 1427 963 1501 demonstrandum.

278 1539 417 1614 Coroll.
457 1542 581 1616 Ducta
597 1541 691 1616 abO
708 1554 813 1615 recta
824 1541 884 1616 Ον
898 1538 1077 1636 parallelo
1088 1537 1246 1611 diametm

226 1652 308 1742 BD,
323 1677 452 1727 secans
469 1665 609 1727 rectam
623 1656 682 1727 Aa
699 1653 737 1727 in
749 1687 779 1743 ν,
793 1654 862 1728 erit
874 1666 1054 1750 punctam
1071 1686 1091 1725 ν
1102 1664 1246 1725 centrum

223 1766 418 1861 gravitatis
434 1764 652 1864 quadrantis
669 1764 788 1839 ABG.

661 2052 829 2105 ALITRR.

274 2206 311 2279 Si
336 2207 402 2281 fiat
424 2219 467 2280 ut
489 2230 597 2279 arcus
627 2206 695 2278 BC
730 2208 778 2280 ad
807 2206 901 2281 duas
927 2206 1059 2280 tertias
1088 2207 1251 2280 subteneo

223 2317 307 2405 BC,
334 2320 387 2391 ita
407 2321 466 2401 ΑΞ
488 2320 755 2393 semisubtensa
782 2320 832 2393 ad
863 2332 1034 2417 quartam
1057 2320 1252 2393 sumendam

223 2432 269 2502 ab
284 2433 317 2503 A
336 2458 461 2507 versus
474 2435 514 2523 C,
530 2435 601 2506 erit
614 2434 793 2505 terminus
807 2434 885 2528 ejus
899 2446 1067 2507 centrum
1082 2430 1253 2533 gravitatis

223 2545 455 2618 semicirculi.
507 2547 808 2619 Demonstratum
826 2559 884 2619 est
902 2571 925 2618 a
942 2545 1002 2619 Jo.
1018 2549 1067 2621 de
1084 2549 1124 2622 lu
1137 2545 1254 2631 Fatue,

222 2681 328 2754 prop.
347 2660 475 2732 xxxvi.
529 2660 603 2732 Sed
620 2674 662 2732 ut
679 2683 785 2732 arcus
805 2659 871 2732 BC
889 2659 937 2732 ad
960 2661 1174 2736 subtensam
1191 2658 1255 2746 BC,

222 2772 275 2843 ita
292 2773 467 2845 subtensa
490 2772 560 2844 BC
580 2772 628 2845 ad
646 2770 688 2864 -ξ-
705 2796 813 2845 arcus
831 2773 914 2860 BC,
934 2772 973 2845 id
998 2787 1067 2864 est,
1086 2776 1135 2849 ad
1160 2795 1257 2848 unam

223 2885 392 2978 quintam
410 2884 524 2958 totius
542 2885 662 2958 BCD.
717 2885 853 2972 Quare,
873 2896 913 2958 ut
937 2911 1046 2960 arcus
1077 2889 1146 2961 BC
1166 2882 1255 2977 a'd-1·

224 2997 409 3071 subtensae
428 2997 507 3087 BC,
527 2999 579 3071 ite
591 3000 661 3087 Ar,
678 2998 716 3070 id
734 3012 803 3084 est,
821 2999 1102 3090 semisubteusa,
1117 3003 1166 3075 ad
1181 3002 1258 3074 duas

223 3110 352 3184 tertias
387 3111 543 3183 duarum
573 3112 786 3208 quintarum
814 3136 920 3183 arcus
945 3111 1026 3200 Bc,
1054 3115 1095 3187 id
1126 3128 1194 3205 est,
1221 3111 1260 3186 ad

222 3248 334 3297 unam
373 3226 520 3298 tertiam
559 3226 715 3297 duarum
754 3225 966 3320 quintarum
1005 3229 1123 3302 totius
1166 3249 1261 3302 arcus

222 3335 342 3426 BCD,
357 3338 396 3410 id
413 3354 482 3428 est,
500 3338 549 3411 ad
569 3336 600 3429 ἰξ-
620 3362 729 3411 arcus
744 3337 860 3411 BCD.
895 3339 1008 3413 Quod
1025 3358 1108 3415 erat
1122 3342 1261 3415 demon·

221 3449 426 3523 strandum.

274 3561 318 3635 B.
347 3563 386 3635 Si
403 3564 469 3636 fiat
490 3563 740 3636 semicirculus
757 3586 881 3635 aencus
905 3577 1116 3655 accuratus,
1141 3566 1204 3663 qui
1221 3563 1262 3637 sit

220 3675 385 3770 ejusdem
412 3678 549 3772 ubique
577 3675 842 3762 crassitudinis,
873 3677 977 3772 isque
1005 3678 1044 3750 in
1075 3676 1261 3775 punctoO

218 3790 322 3861 tenui
340 3789 402 3863 filo
421 3813 619 3886 suspensus
637 3800 785 3863 maneat
801 3790 912 3885 plano
930 3790 1139 3865 horizontis
1155 3790 1262 3890 paral·

219 3901 322 3990 lelna,
354 3907 445 3999 quin
469 3918 572 3978 recta
598 3903 668 3978 DF
693 3902 843 3997 aqualis
865 3904 913 3975 sit
931 3905 1036 3977 arcui
1053 3903 1262 3980 semicirculi

218 4016 408 4112 genitoris,
428 4017 590 4093 dubitari
608 4017 765 4114 amplius
782 4040 857 4088 uon
875 4029 1010 4112 potest.

270 4131 320 4203 Α.
347 4131 428 4205 Etsi
446 4133 703 4228 experimenta
719 4131 808 4204 talia
824 4130 897 4202 vim
919 4156 994 4204 nou
1020 4132 1186 4207 habeant
1209 4131 1261 4205 de·

218 4246 511 4332 monstrationis
534 4249 642 4343 juvat
661 4259 786 4317 tamen
804 4243 924 4339 operis
941 4268 1027 4317 cum
1046 4246 1260 4343 contempla·

219 4356 322 4431 tione
341 4360 548 4432 consensio.
593 4358 725 4455 Itaque
745 4357 1014 4430 semicirculum
1032 4384 1178 4433 aeneum
1193 4355 1259 4431 fieri

220 4472 360 4558 curavi,
379 4486 418 4547 et
436 4471 612 4568 suspendi
630 4475 678 4546 ab
703 4494 746 4543 eo
764 4482 913 4566 puncto,
932 4485 970 4543 et
987 4473 1257 4568 parallelismum

216 4583 488 4660 horizontnlem
506 4585 633 4660 inveni
647 4583 927 4658 exactissimum.
981 4584 1057 4658 Sed
1077 4585 1236 4683 procede.
