2618 5092
215 660 290 742 278
532 678 588 733 nn
607 676 929 735 ΝΑτυιιΑΑιιιιε.

215 846 255 918 in
288 844 418 919 eadem
456 847 578 944 specie
616 847 783 945 corporis
819 868 897 921 non
933 844 1103 944 sequitur
1135 842 1240 943 gram

214 958 360 1049 molem,
386 958 452 1033 sed
478 960 736 1049 altitudinem:
767 982 991 1059 quamquam
1020 958 1069 1033 de
1095 954 1241 1057 pondere

214 1072 321 1146 aliter
338 1073 571 1146 sentiendum
587 1085 656 1147 est.

264 1184 314 1257 B.
340 1186 589 1282 Hypothesim
604 1196 708 1261 tuam
728 1182 776 1259 de
793 1182 1099 1283 corpusculorum
1120 1193 1244 1258 terreo

213 1318 297 1371 rum
314 1298 353 1372 in
377 1322 461 1372 aere
486 1311 625 1375 terram
650 1298 837 1374 ambiente
853 1308 959 1374 motu
982 1296 1157 1373 &cultri
1170 1296 1245 1373 sim·

213 1411 323 1508 plicc,
356 1413 553 1487 confirmat
585 1412 735 1511 qnidam
773 1412 1069 1511 experimentum
1108 1410 1180 1485 hoc
1208 1408 1245 1483 de

214 1523 346 1619 hydria
362 1524 665 1600 hortulanorum:
690 1525 809 1623 magis
824 1536 949 1601 tamen
977 1522 1074 1599 illud
1102 1522 1246 1599 alterum

215 1636 262 1710 de
278 1638 451 1712 machina
466 1661 577 1736 quam
595 1638 706 1712 modo
724 1638 963 1735 descripsisti,
975 1635 1016 1711 in
1033 1660 1111 1735 qua
1125 1637 1248 1734 injectu

212 1772 281 1847 per
297 1750 372 1824 vim
385 1775 481 1849 aqua
497 1774 623 1827 rursus
635 1752 791 1850 ejicitur.
826 1750 1013 1825 Machiuoe
1029 1762 1158 1825 autem
1173 1749 1249 1825 arti·

213 1863 320 1937 ficem
338 1865 436 1939 novi.

264 1977 314 2051 A.
341 1979 476 2052 Nonne
492 1987 532 2054 et
547 1978 610 2053 ille
625 2000 722 2052 unns
737 1989 795 2052 est
811 2000 857 2051 ex
874 1976 1028 2075 collegis
1040 1976 1146 2052 tuis?

263 2090 313 2165 B.
340 2091 507 2166 Minime.
567 2093 635 2166 Est
652 2092 751 2166 enim
777 2090 1071 2188 machinopoeus,
1088 2113 1167 2167 non
1181 2087 1252 2189 phi

212 2202 399 2302 losophus

267 2320 315 2394 A.
344 2320 533 2417 Siquidem
566 2320 799 2418 philosophia
827 2319 877 2394 sit
910 2318 969 2416 (ut
1003 2320 1077 2415 est)
1107 2320 1252 2395 scicntia

215 2458 418 2522 causarum,
437 2458 510 2529 quo
528 2434 644 2530 magis
667 2433 874 2530 philosophi
903 2434 1066 2508 habendi
1094 2445 1182 2508 snut
1206 2432 1252 2505 illi

214 2549 278 2644 qui
304 2547 492 2620 machinas
519 2546 566 2618 ad
590 2546 842 2643 experimenta
869 2545 1084 2619 commodas
1112 2547 1251 2620 invene·

214 2672 313 2746 runt,
332 2660 666 2755 experimentorum
685 2682 813 2731 causus
826 2658 1044 2748 nescientes,
1062 2683 1176 2756 quam
1200 2658 1252 2731 hic

214 2774 277 2871 qui
295 2797 423 2846 causas
439 2772 606 2846 nesciens
628 2771 854 2867 excogitavit
880 2771 1096 2846 machinas?
1148 2772 1253 2846 Diffe-

213 2888 336 2959 rentia
349 2887 446 2959 enim
457 2886 560 2959 nulla
573 2885 633 2958 hic
649 2896 718 2974 est,
731 2885 800 2957 nisi
814 2885 912 2981 quod
924 2886 1018 2959 alter
1032 2886 1133 2983 qnod
1145 2885 1254 2959 nescit

213 3000 355 3073 nescire
369 3023 407 3072 se
420 2999 569 3088 fatetur,
588 2999 694 3072 alteri
708 3022 782 3071 nou
799 2998 975 3072 fatentur.

264 3114 312 3186 B.
340 3113 427 3187 Post
445 3136 549 3209 aquae
573 3124 611 3185 et
632 3112 727 3185 aeris
747 3123 897 3185 naturas
924 3113 1166 3199 examinatas,
1181 3134 1254 3207 per·

214 3248 344 3323 gamus
373 3227 418 3319 (si
444 3226 497 3299 ita
514 3226 584 3319 vis)
618 3225 667 3298 ad
696 3235 866 3297 naturam
892 3225 1000 3320 ignis.
1052 3227 1103 3298 Et
1129 3226 1252 3323 primo,

215 3340 312 3436 ignis
330 3337 514 3436 quidest?
566 3338 709 3434 Corpus
727 3361 774 3409 an
791 3337 987 3410 accidens?

267 3452 316 3525 Α.
344 3452 419 3527 Qui
451 3453 587 3548 ignem,
605 3464 644 3523 et
667 3451 819 3524 effectus
849 3452 939 3547 ejuS,
962 3452 1132 3548 quotidie
1160 3452 1255 3528 vides

216 3576 253 3638 et
276 3565 390 3638 sentis
414 3577 453 3638 et
479 3564 659 3653 nominas,
681 3563 797 3638 tibine
815 3588 907 3661 opus
928 3577 986 3638 est
1007 3576 1051 3638 ut
1075 3566 1177 3641 dicat
1198 3566 1254 3641 ali·

218 3678 298 3773 quis
312 3677 402 3773 qnid
418 3678 493 3750 sit?

268 3791 315 3863 B.
344 3792 422 3887 Ego
440 3791 564 3888 ignem
580 3789 657 3862 vidi
675 3790 1050 3887 sinemateriaignita
1059 3816 1253 3891 nunquam.

216 3904 386 4000 Lignum,
422 3905 632 3992 carbonem,
674 3902 826 3991 ferrum,
870 3905 1065 3979 materiam
1106 3908 1254 4004 deniqne

216 4040 484 4113 quamcunque,
498 4017 529 4089 si
543 4015 741 4089 candescat
751 4029 788 4090 et
802 4016 1003 4107 calefaciat,
1015 4018 1140 4115 iguem
1152 4044 1253 4093 roco:

216 4143 255 4204 et
271 4142 314 4204 tu
332 4154 487 4227 qnoque.
539 4129 632 4201 Mihi
646 4152 735 4224 ergo
748 4129 893 4203 videtur
910 4130 1007 4226 ignis
1023 4154 1161 4231 corpus
1172 4155 1253 4218 esse,

216 4244 275 4316 vel
301 4243 424 4340 potius
452 4242 568 4316 multa
592 4243 699 4315 simul
726 4243 764 4315 in
790 4243 902 4338 ligno,
921 4244 979 4316 vel
1005 4244 1081 4320 ulia
1110 4245 1254 4321 materia

216 4357 345 4453 ignita,
364 4355 581 4453 corpuscula
597 4356 716 4453 ignea.

267 4471 316 4543 A.
344 4470 419 4543 Sed
431 4469 649 4565 corpuscula
664 4468 726 4542 illa
740 4477 873 4542 suntne
891 4468 1035 4565 ignita?

269 4583 318 4655 B.
346 4583 431 4656 Non
448 4582 575 4678 ignita,
590 4581 655 4654 sed
671 4581 767 4677 ignis
784 4605 916 4655 merus.
