2618 5092
287 666 604 722 mansurarum
624 667 867 721 aonrsusm.
1052 654 1100 730 37

106 837 152 910 Α.
180 836 317 933 Neque
334 834 568 932 syllogismus
595 845 664 925 est,
682 836 746 931 qui
768 834 925 909 vitiosus
946 845 1014 926 ost,
1034 860 1100 911 ne·
1138 847 1285 910 armosos

63 974 126 1047 quo
142 947 326 1038 definitio,
344 972 428 1045 quae
445 948 589 1023 vitiosa.
1140 949 1282 1053 ss

107 1063 155 1137 B.
182 1062 288 1138 Quid
305 1062 339 1136 si
355 1062 542 1137 conclusio
563 1072 750 1158 sequatur,
773 1063 852 1137 siue
874 1062 1099 1155 definitione,

60 1177 254 1251 axiomata
293 1178 356 1250 An
372 1200 449 1250 non
465 1177 536 1252 erit
552 1176 847 1251 demonstratio?

106 1290 157 1366 A.
183 1291 290 1375 Erit;
313 1289 427 1364 modo
440 1290 625 1364 axiomata
637 1289 790 1364 illatum
807 1290 1002 1365 manifesta
1014 1292 1100 1382 sint,

58 1417 137 1477 tum
153 1405 270 1479 etiam
285 1402 544 1494 demonstrari,
559 1403 591 1477 si
607 1404 820 1500 imperetur,
830 1404 973 1502 possint
987 1437 997 1491 ;
1015 1429 1101 1502 qua-

57 1518 107 1591 lia
121 1529 211 1591 suut
227 1517 416 1591 axiomata
431 1529 580 1614 sumpta
594 1518 641 1591 ab
658 1518 822 1592 Euclide.

108 1631 159 1705 B.
186 1629 263 1704 Sed
278 1630 362 1727 ipsa
378 1630 546 1726 definitio
563 1630 749 1727 quomodo
766 1630 952 1706 definitur.

109 1744 161 1818 Α.
185 1743 366 1816 Definitio
383 1764 508 1816 nonne
524 1743 728 1840 propositio
746 1743 830 1818 est?

111 1855 159 1929 B.
186 1856 266 1929 Est

109 1971 160 2044 A.
186 1969 324 2043 Nonne
340 1967 454 2042 etiam
466 1967 757 2064 estexplioativa
769 1968 928 2042 nominis
939 1968 1103 2042 definiti?

111 2083 162 2158 B.
190 2082 326 2156 Etiam.

110 2198 160 2269 Α.
187 2193 388 2272 Quomodo
415 2195 620 2291 explicatur
643 2218 780 2268 nomen
808 2193 977 2290 quodvis,
1001 2193 1104 2266 verbi

60 2310 192 2407 gratia,
209 2332 346 2384 nornen
364 2307 502 2383 domo?

111 2422 160 2496 B.
188 2422 228 2496 si
245 2432 407 2518 ponatur
430 2444 502 2494 vox
521 2420 625 2492 domo
650 2442 719 2516 pro
745 2420 913 2515 subjecto
939 2418 1106 2515 proposi-

60 2536 181 2626 tionis,
200 2533 335 2608 deinde
352 2557 420 2630 pro
436 2533 650 2632 praedioato,
672 2556 809 2607 nomeu
837 2531 937 2629 quod
964 2532 1017 2618 fit,
1040 2555 1106 2628 ag-

61 2661 257 2747 gregatum
273 2659 332 2721 est
348 2647 512 2720 omnium
534 2646 726 2720 nominum
745 2646 877 2743 quibus
903 2645 1014 2719 homo
1032 2644 1105 2718 dis-

62 2762 280 2859 tinguitura
296 2759 407 2834 rebus
423 2759 567 2833 oaeteris
586 2759 767 2833 omnibus.
804 2759 971 2855 Exempli
984 2781 1106 2844 causa,

62 2874 304 2971 distinguitur
330 2872 379 2946 ab
408 2873 577 2946 omnibus
600 2872 853 2947 accidentibus
879 2895 946 2969 per
971 2896 1106 2945 nomeu

63 3012 224 3087 corprm
250 2987 429 3061 aoaeteris
445 2987 662 3084 corporibus
677 3010 745 3083 per
761 3009 897 3060 nomen
914 2985 1107 3068 sentiens,-

63 3100 245 3176 aoaeteris
262 3099 517 3190 sentientibus,
536 3099 611 3173 sive
632 3097 862 3185 animalibus,
884 3120 951 3195 per
973 3120 1108 3170 nomen

63 3213 259 3289 rationale.
325 3213 456 3310 Itaque
490 3213 521 3287 si
554 3213 720 3288 dicamus
748 3212 859 3311 homo
886 3221 944 3285 est
974 3233 1108 3306 corpus

63 3328 225 3403 sentiens
263 3326 454 3418 rationale,
491 3327 564 3401 erit
605 3327 668 3401 illa
701 3324 906 3423 propositio
942 3323 1108 3419 definitio

63 3441 233 3517 hominis.
294 3440 457 3515 Nomina
478 3440 588 3531 euim,
607 3464 690 3536 quae
712 3439 761 3514 ad
780 3437 992 3514 faciendum
1013 3460 1107 3534 prae-

64 3557 227 3631 dicatum
269 3564 530 3650 aggregantur,
573 3553 794 3650 complicata
835 3565 923 3626 sunt
955 3550 994 3623 in
1033 3573 1109 3624 una

63 3667 311 3767 appellatione
327 3666 391 3740 illa
402 3667 519 3758 homo,
531 3667 726 3763 ipsumque
743 3665 930 3739 hominem
946 3664 993 3737 ab
1007 3665 1107 3737 omni

63 3783 134 3857 alia
149 3806 192 3855 re
209 3780 456 3877 distinguunt,
473 3780 512 3854 id
530 3793 599 3871 est,
624 3779 714 3876 quid
731 3780 779 3852 sit
797 3778 991 3852 definiunt.

111 3896 164 3971 Α.
190 3895 308 3968 Recte
338 3894 442 3984 diois,
473 3918 593 3990 neque
627 3894 825 3991 quicquam
856 3891 957 3966 aliud
987 3890 1109 3964 fecisti

63 4022 310 4107 praeterquam
330 4008 431 4104 quod
448 4008 627 4082 resolvisti
649 4032 778 4080 vocem
794 4007 898 4080 homo
920 4006 959 4079 in
985 4017 1109 4102 partes

63 4148 158 4198 suas.
211 4121 355 4195 Fuisset
381 4133 507 4195 autem
537 4121 624 4195 satis
654 4120 720 4210 illi,
748 4121 812 4217 qui
839 4116 1108 4217 praedefinitum

63 4237 219 4311 haberet
231 4233 381 4323 animal,
391 4234 567 4331 posuisse,
578 4234 681 4306 homo
693 4244 750 4306 eat
763 4231 903 4305 animal
912 4220 1107 4304 rationale.

64 4349 241 4424 Definitio
259 4371 349 4443 ergo
367 4346 594 4442 definitionis
611 4358 785 4420 accurata
801 4346 873 4418 erit
889 4345 990 4417 haec:
1018 4343 1108 4435 defi-

64 4465 156 4537 nitio
171 4471 232 4536 est
245 4461 465 4560 propositio
480 4462 585 4556 cujus
603 4461 858 4560 predicatum
876 4466 934 4531 eet
950 4454 1109 4551 subjecti

64 4576 315 4651 resolutivam.
