2618 5092
332 640 513 695 cuuarro
534 642 729 709 spumam,
749 639 838 693 uro.
1034 621 1105 700 517

60 819 136 879 tem
151 828 231 878 esse
242 829 349 879 arcus
361 814 409 881 30
418 805 600 904 graduum
612 806 651 879 iu
666 806 847 902 quadrato
860 803 1045 901 descripto
1058 803 1109 876 la·
1123 834 1165 874 xo
1180 832 1246 872 pror

60 919 202 993 teribus
215 919 536 1017 aequidistantibus
553 944 576 993 a
592 920 769 994 lateribus
782 918 954 1017 quadrati
965 917 1109 990 ABGC.
1150 904 1246 936 Ὗ

62 1032 189 1108 Quare
207 1058 229 1105 a
245 1047 386 1128 puncto
399 1057 599 1107 concursus
615 1048 801 1108 rectarum
813 1033 867 1106 Br
877 1046 916 1106 et
926 1033 985 1105 Aa
998 1030 1111 1103 ducta

60 1170 190 1219 secans
221 1169 327 1219 arcus
355 1154 404 1221 30
426 1145 609 1242 graduum
637 1147 676 1219 iu
703 1146 884 1243 quadrato
915 1145 1109 1234 exteriore,

60 1258 237 1357 parellela
253 1262 323 1333 erit
340 1272 454 1334 rectae
473 1260 550 1345 Br;
578 1273 617 1334 et
630 1273 829 1357 propterea
845 1270 948 1333 recta
963 1258 1016 1331 Br
1029 1282 1110 1353 pro·

62 1372 175 1445 ducta
193 1371 333 1445 incidet
350 1373 389 1445 iu
407 1397 455 1445 a:
483 1372 584 1469 quod
604 1372 754 1469 negavit
781 1372 854 1445 ille.
906 1370 1111 1467 Propositio

61 1510 152 1581 ergo
170 1485 250 1557 haec
267 1486 307 1558 xi
322 1498 445 1558 manet
462 1485 692 1559 inconcussa.

113 1597 225 1672 Quod
250 1610 373 1671 autem
401 1597 580 1694 sequitur,
600 1611 757 1695 tangens
780 1597 907 1694 auguli
930 1595 1113 1693 graduum

61 1708 92 1810 ᾖ
110 1707 131 1803 ζ-
145 1724 185 1784 et
201 1723 358 1807 tangens
371 1710 555 1806 graduum
571 1719 619 1785 30
632 1711 740 1784 simul
755 1723 911 1806 sumptae
928 1723 1014 1783 sunt
1032 1722 1113 1782 toto

62 1823 168 1898 radio
186 1823 359 1915 minores,
372 1824 531 1897 affirmat
549 1823 610 1896 ille
627 1823 720 1897 falso
731 1835 769 1896 et
786 1824 865 1897 sine
883 1823 1114 1896 demonstra-

61 1940 176 2026 tione,
195 1936 386 2010 confidens
404 1936 539 2010 tabulis
557 1935 774 2024 secantium,
793 1937 951 2025 sinuum,
976 1950 1014 2008 et
1032 1949 1114 2008 tau·

60 2051 240 2148 gentium,
276 2074 360 2146 quae
386 2048 491 2122 falsae
522 2063 633 2123 sunt:
667 2061 711 2121 ut
740 2051 922 2145 quorum*
952 2048 1115 2122 calculus

63 2163 249 2260 dependet
260 2165 306 2236 ab
321 2164 555 2237 extractione
568 2162 736 2237 radicum
747 2162 1023 2259 quadratorum,
1032 2187 1114 2259 quac

60 2302 137 2352 non
154 2289 241 2351 sunt
257 2277 376 2350 latera
393 2276 673 2374 quadratorum,
687 2299 809 2372 neque
826 2277 976 2350 omniuo
995 2276 1115 2349 lineae.

61 2392 160 2464 Nam
178 2389 216 2462 iu
235 2389 416 2486 quadrato
435 2389 580 2477 ABGC,
598 2401 760 2487 quatuor
782 2400 869 2463 sunt
895 2389 1076 2485 quadrata
1093 2411 1116 2460 a

62 2516 166 2578 recta
183 2502 258 2576 CO.
312 2502 354 2575 Si
371 2525 461 2599 ergo
479 2526 523 2576 ex
544 2512 567 2575 4
587 2503 806 2576 extrahatur
823 2500 941 2590 radix,
965 2502 1036 2574 erit
1053 2501 1116 2574 illa

62 2618 168 2690 radix
203 2614 288 2690 duo.
346 2614 431 2689 Duo
461 2616 570 2712 quae?
630 2617 717 2691 Non
751 2628 840 2692 suut
874 2617 949 2691 duo
982 2616 1115 2689 nihil.

64 2732 157 2805 Quae
181 2739 268 2802 suut
293 2751 383 2823 ergo
410 2752 469 2801 res
493 2730 566 2802 illae
591 2729 704 2804 duae?
756 2731 843 2805 Non
861 2742 949 2805 sunt
965 2730 1039 2803 duo
1058 2755 1117 2803 ca-

62 2843 162 2917 balli.
203 2842 297 2915 Sunt
308 2864 398 2936 ergo
417 2840 491 2914 duo
509 2842 710 2938 quadrata:
728 2868 884 2941 quorum
896 2843 1118 2940 quadratum

64 2956 198 3030 ABGC
216 2968 272 3027 est
289 2965 326 3028 4.
379 2955 475 3030 Sunt
498 2967 624 3030 autem
647 2957 711 3031 illa
733 2957 808 3031 duo
833 2958 954 3051 (radix
971 2958 1118 3031 illorum

62 3069 239 3168 quatuor)
272 3067 427 3164 aequalia
460 3071 679 3168 rectangulo
708 3071 788 3145 ΑΟ.
852 3069 977 3145 Quare
1011 3073 1117 3144 radix

65 3182 236 3281 quadrati
254 3182 301 3254 ab
319 3181 384 3254 AC
405 3192 461 3256 est
479 3184 567 3256 AO:
593 3208 704 3280 quam
731 3183 893 3257 radicem
919 3196 1118 3280 geometrae

67 3296 173 3370 mixti
191 3311 341 3368 sumunt
358 3319 426 3391 pro
444 3294 560 3369 latere
578 3297 656 3370 AC.

120 3407 231 3483 Quod
249 3420 373 3481 autem
391 3420 547 3504 tangens
562 3417 611 3484 30
625 3408 808 3505 graduum
821 3433 897 3482 uua
913 3432 998 3483 cum
1016 3422 1118 3484 recta

68 3522 133 3595 GL
163 3521 314 3617 aequalis
344 3522 393 3594 sit
421 3522 526 3594 radio
556 3520 633 3610 CG,
661 3521 897 3594 manifestum
923 3532 979 3595 est
1004 3547 1118 3596 exeo

69 3633 170 3732 quod
190 3634 250 3706 Aa
270 3634 403 3707 dividit
419 3645 600 3707 sectorem
618 3633 716 3706 ACL
737 3633 919 3707 bifariam.
972 3636 1069 3709 Nam
1087 3637 1119 3710 si

71 3748 183 3822 ducta
200 3747 428 3841 intelligatur
441 3759 546 3821 recta
558 3748 626 3836 La,
640 3758 749 3821 erunt
761 3749 815 3821 Cu
829 3761 866 3822 et
880 3750 936 3823 La
950 3751 1119 3845 aqualeS,

70 3875 109 3934 et
127 3861 284 3956 angulus
301 3860 389 3933 GLa
406 3872 553 3934 rectus:
581 3873 618 3933 et
635 3874 844 3959 propterea,
858 3863 946 3958 quia
963 3864 1120 3958 angulus

68 3976 165 4049 oGL
182 3988 238 4048 est
255 3975 482 4060 semirectus,
499 3987 609 4048 eruut
626 3975 701 4064 GL,
715 3976 771 4049 La
795 3976 963 4072 equuleo.
1018 3977 1120 4050 Quo-

70 4089 171 4161 niam
200 4112 289 4183 ergo
313 4087 370 4160 Ga
388 4099 425 4159 et
443 4087 499 4160 aC
523 4087 630 4160 simul
661 4099 817 4185 sumptae
846 4099 933 4160 sunt
962 4089 1120 4184 aequalcs

70 4201 180 4276 lateri
199 4201 273 4289 CG,
292 4200 403 4274 etiam
421 4200 479 4272 Ga
497 4210 535 4273 et
560 4200 624 4274 GL
641 4201 749 4274 simul
775 4212 932 4297 sumptae
961 4202 1121 4297 aequales

73 4327 161 4387 sunt
177 4314 297 4386 eidem
319 4313 397 4385 GC.
450 4313 603 4386 Quanta
629 4326 753 4387 autem
771 4312 836 4386 GL
851 4311 910 4386 vel
928 4313 983 4386 Ca
1009 4315 1057 4387 sit
1082 4315 1121 4387 in

464 4578 480 4612 '¹
504 4575 555 4636 Sic
568 4577 637 4636 edit.
655 4577 741 4636 1669.
