2618 5092
236 624 661 679 naononmonamnus
681 624 727 676 ln
749 622 932 676 canaan.
1032 606 1099 684 471

61 795 171 871 rectis
191 795 264 885 BS,
277 797 356 886 RY,
370 795 448 885 XL,
462 794 535 885 ΜΙ,
554 793 649 868 sicut
672 805 710 868 et
735 793 785 868 lE
798 792 973 892 parallelo
995 793 1106 866 rectis
1139 815 1165 855 A:

62 909 232 999 naar,
246 910 433 998 rann..
1147 886 1164 908 ”

108 1023 178 1096 Est
195 1045 286 1118 ergo
303 1022 591 1118 quadrilaterum
608 1021 751 1093 lmKnl
765 1019 952 1093 rhombus.
981 1020 1106 1094 Quare

63 1136 136 1227 ΒΤ,
152 1135 230 1226 RZ,
246 1135 324 1224 xd,
339 1136 427 1222 Mm,
443 1135 502 1207 Kc
514 1145 599 1207 sunt
612 1134 786 1207 continue
799 1133 1106 1231 proportionales:

62 1261 99 1322 et
107 1262 264 1346 propter
277 1248 453 1345 angulum
467 1246 573 1336 EAS,
586 1246 701 1335 RAY,
714 1245 784 1318 XA
790 1246 830 1336 L,
841 1245 937 1319 MAI
951 1245 1107 1319 divisum

61 1364 107 1437 ab
126 1362 201 1436 AN
219 1361 401 1452 bifariam,
419 1372 528 1434 erunt
548 1360 631 1455 (per
648 1359 755 1433 Eucl.
773 1360 821 1432 vi.
841 1360 880 1450 3)
897 1370 1009 1434 rectae
1026 1358 1107 1446 AB,

62 1477 142 1565 AR,
159 1475 244 1565 AX,
253 1474 340 1564 AM,
355 1475 522 1563 AK,AE,
537 1474 631 1546 sicut
645 1483 683 1546 et
698 1473 780 1562 ΑΙ),
792 1472 865 1562 AS,
873 1473 951 1563 AY,
959 1473 1107 1562 AL,Al,

63 1590 125 1662 AF
160 1588 337 1662 continue
366 1585 675 1684 proportionales.
728 1585 859 1682 ltaque
893 1587 990 1659 inter
1017 1585 1108 1658 duas

62 1703 141 1788 AB,
151 1701 221 1775 AV
239 1700 356 1791 datas,
374 1701 535 1775 inventae
563 1711 650 1772 sunt
676 1710 834 1797 quatuor
865 1701 1008 1788 mediae,
1026 1700 1107 1789 AR,

63 1815 146 1905 AX,
158 1814 250 1901 AM,
265 1814 347 1903 AK,
359 1814 436 1888 sive
454 1813 529 1903 AS,
542 1812 622 1904 AY,
636 1813 712 1903 AL,
726 1813 791 1887 Al.

110 1927 173 2000 Ad
190 1926 394 2000 mediarum
405 1949 601 2001 nnmerum
614 1950 759 2000 omnem
777 1926 1108 2002 demonstrationes

63 2041 249 2139 applicare
285 2040 449 2137 singulas
480 2040 706 2136 impossibile
736 2051 803 2114 est.
869 2041 1108 2114 Manifestum

63 2167 188 2229 autem
205 2164 274 2242 est,
292 2152 403 2249 quod,
422 2153 454 2226 si
479 2176 587 2227 arcus
611 2152 676 2227 BG
700 2165 845 2227 secetur
869 2154 1108 2250 septifariam,

63 2267 222 2343 inveniri
238 2290 302 2340 sex
319 2266 493 2339 rhombos
510 2265 627 2341 latera
643 2267 822 2341 habentes
846 2268 1002 2341 totidem
1020 2291 1108 2339 con-

63 2382 167 2456 tinue
193 2379 497 2476 proportionalia,
516 2391 555 2452 et
580 2393 848 2476 consequenter
865 2404 928 2454 sex
953 2379 1108 2463 medias;

64 2492 376 2592 quemadmodum
405 2515 451 2565 ex
479 2492 693 2567 trisectione
721 2494 881 2568 inventae
909 2505 996 2566 sunt
1027 2493 1110 2594 duae¹

63 2608 209 2696 mediae,
221 2619 260 2680 et
273 2630 318 2680 ex
332 2606 649 2704 quinquisectione
662 2617 820 2704 quatuor
833 2607 980 2691 mediae3
999 2617 1110 2703 atque

63 2722 118 2796 ite
134 2723 175 2795 in
192 2720 378 2794 infinitum
395 2742 463 2816 pro
483 2720 614 2793 mediis
631 2744 785 2794 numero
802 2720 963 2818 paribus.
1006 2719 1113 2793 Datis

64 2845 188 2909 autem
218 2833 381 2930 paribus,
406 2832 525 2906 omnis
555 2833 760 2907 mediarum
788 2857 964 2907 numerus
993 2833 1113 2929 impar

62 2947 172 3022 facile
188 2945 388 3019 innotescit
403 2967 472 3041 per
488 2946 734 3041 sumptionem
748 2946 846 3019 inter
856 2944 1019 3042 singulas
1029 2968 1111 3041 pro·

62 3059 291 3158 portionales
309 3056 538 3154 singularum
555 3057 772 3132 mediarum.
798 3058 1009 3131 Invenimus
1021 3081 1110 3153 ergo

65 3171 282 3248 methodum
299 3169 509 3267 generalem
530 3170 742 3244 inveniendi
769 3171 866 3245 inter
882 3171 973 3244 duas
990 3181 1110 3243 rectas

65 3286 172 3361 datas
201 3282 341 3357 medias
371 3293 607 3379 quotcunque
639 3306 707 3380 per
738 3284 941 3357 sectionem
969 3282 1109 3378 anguli.

65 3397 271 3475 Quomodo·
281 3407 406 3470 autem
419 3394 575 3491 angulus
589 3396 628 3468 in
638 3396 782 3469 ratione
793 3395 882 3469 data
892 3419 1110 3494 quacunque

63 3511 246 3588 secandus
263 3509 324 3599 sit,
342 3507 533 3582 docuimus
551 3531 674 3605 snpra,
692 3508 782 3606 Cap.
796 3510 884 3584 xxii.

115 3625 223 3711 Haec,
246 3644 457 3718 quanquam
481 3631 583 3694 certa
609 3633 649 3694 et
676 3620 940 3712 demonstrata,
963 3646 1112 3696 corrue-

64 3749 150 3812 rent
166 3751 304 3820 tamen,
321 3734 352 3808 si
369 3756 497 3807 verum
523 3747 620 3807 esset
637 3735 736 3831 quod
763 3735 970 3832 algebristae
993 3737 1112 3811 nostri

65 3851 209 3937 dicunt,
227 3846 389 3921 radicem
407 3846 551 3920 numeri
563 3848 745 3945 quadrati,
759 3860 797 3923 et
814 3850 943 3946 figurae
954 3851 1113 3946 quadra-

66 3979 115 4039 tae
132 3963 233 4037 latus
250 3959 350 4036 idem
363 3983 453 4033 esse.

115 4074 418 4151 Examinabimns
440 4074 518 4170 jam
545 4072 687 4170 logicae,
718 4098 830 4171 quam
855 4073 908 4148 illi
927 4076 1113 4170 jactitant,

67 4189 318 4265 severitatem.

116 4302 299 4377 Vitiosam
323 4321 402 4371 esse
426 4297 530 4372 aiunt
559 4297 923 4391 demonstrationem,
947 4298 985 4374 in
1003 4325 1113 4396 quam

67 4441 142 4491 non
168 4413 379 4510 ingreditur
397 4436 506 4489 omne
532 4412 572 4486 id
597 4412 697 4509 quod
725 4410 773 4483 ad
803 4414 1114 4487 constructionem

68 4528 278 4606 assumitur.
329 4526 409 4622 Ego
437 4539 580 4617 contra,
608 4525 956 4601 demonstrationem
981 4528 1115 4624 inqua
