2618 5092
241 668 315 737 ³10
516 680 1012 737 erorcculrlrnrorct.

78 876 178 917 cler.
244 848 430 924 Quoniam
473 849 573 923 enim
604 861 716 925 terroe
748 849 829 925 8118
862 872 931 947 per
962 868 1115 923 omnem
1144 854 1260 921 molum

46 944 204 1063 ζωῇ,
243 985 408 1035 annuum
424 985 568 1060 semper
580 975 638 1038 eet
649 963 721 1039 eibi
737 963 809 1061 ipsi
818 960 1030 1061 paralleloe,
1042 958 1262 1035 ommium

244 1087 302 1147 est
329 1075 396 1149 tali
423 1075 671 1172 paralleliemo
700 1075 966 1167 conservando,
993 1086 1041 1149 ut
1067 1072 1148 1173 poli
1167 1084 1263 1149 motor

244 1187 353 1284 hujus
370 1198 410 1262 et
425 1199 548 1262 motus
564 1190 679 1263 annui
699 1189 777 1263 sint
798 1189 934 1265 iidem:
960 1199 1147 1287 quantum
1160 1186 1265 1261 saltem

241 1300 409 1394 judicare
422 1314 699 1401 sensuspoteot.
724 1302 894 1379 Circulos
907 1302 1008 1377 enim
1021 1296 1266 1399 quempmot‘r

245 1414 384 1502 notavi,
395 1427 433 1488 et
449 1415 548 1490 intro
559 1439 668 1513 quem
681 1416 823 1491 moveri
839 1428 980 1490 terram
995 1436 1179 1512 suppono,
1186 1434 1266 1507 meg·

246 1527 453 1601 nitudinem
470 1540 642 1627 respectu
660 1530 748 1604 solio
770 1530 883 1605 hebet
904 1526 1179 1603 insensibile-2
1200 1548 1267 1601 mm

246 1664 415 1738 suppono
432 1642 504 1716 hoc
521 1666 680 1740 quoque.

295 1753 345 1828 A.
364 1756 443 1829 Etsi
453 1755 543 1831 sotis
551 1756 756 1854 intelligam
766 1780 841 1854 quo
850 1754 962 1830 modo
970 1753 1102 1851 gravio
1110 1754 1266 1841 deorsum,

246 1867 359 1965 idque
383 1868 559 1944 velociter
583 1870 624 1944 in
644 1870 769 1945 medio
798 1870 882 1944 loco
910 1869 1009 1943 inter
1036 1868 1146 1965 polos
1169 1878 1267 1941 motor

247 1981 369 2079 hujus,
382 1981 504 2072 idest,
517 1982 586 2057 sub
599 1982 806 2080 eclipticam
820 1982 1062 2078 dejicianturr
1079 2003 1158 2055 non
1168 1992 1268 2053 mmor

248 2094 338 2169 sotis
351 2096 469 2192 capio,
482 2095 668 2193 quomodo
684 2095 782 2170 idem
800 2096 883 2169 fieri
896 2095 1014 2192 possit
1030 2094 1102 2169 sub
1115 2092 1269 2191 ecliptico

248 2209 365 2306 polos.
428 2209 603 2284 Dicturus
636 2209 735 2283 enim
762 2221 854 2305 puto
887 2231 964 2281 non
992 2230 1045 2296 eo,
1076 2205 1176 2305 quod
1198 2200 1270 2301 lopir

249 2321 442 2397 descendit
474 2323 637 2396 velocius
671 2323 770 2396 inter
806 2321 983 2418 tropicos,
1026 2343 1141 2416 quam
1178 2335 1270 2415 prope

249 2435 354 2532 polos
371 2433 563 2531 ecliptioae.

300 2551 351 2622 B.
378 2548 464 2621 Non
490 2548 607 2622 multo
630 2547 779 2644 quidem
806 2546 982 2621 velocius,
1036 2547 1146 2622 Potes
1171 2557 1270 2620 autem

251 2660 566 2751 animadvertisse,
600 2661 699 2757 quod
737 2661 844 2734 flocci
886 2660 981 2733 nivis
1016 2684 1093 2757 quo
1127 2656 1272 2757 proprios

249 2773 439 2847 acceditur
467 2773 515 2846 ad
549 2774 666 2871 polos,
701 2797 745 2846 eo
780 2775 937 2870 majores
971 2786 1085 2847 sunt:
1124 2772 1163 2846 id
1195 2766 1273 2867 quod

250 2887 395 2983 signum
428 2911 504 2960 non
538 2886 729 2959 minimum
758 2897 827 2975 est,
862 2885 962 2982 quod
996 2886 1138 2960 cadunt
1166 2910 1190 2959 a
1211 2884 1275 2956 loco

251 3001 462 3075 sublimiore
480 3001 578 3097 apud
595 3024 663 3073 nos
680 3025 790 3096 quam
807 3000 844 3073 in
867 3000 1035 3096 portibus
1052 3000 1141 3096 polo
1158 2996 1275 3072 arctico

251 3116 600 3213 propinquioribus3
638 3127 675 3188 et
703 3114 750 3187 ob
781 3138 863 3186 eam
893 3138 1042 3187 causam
1068 3115 1110 3187 in
1139 3112 1276 3186 minore

252 3241 376 3324 portes
407 3227 573 3301 cadendo
600 3225 829 3313 dividuntur,
860 3249 961 3298 more
996 3249 1107 3322 oquae
1139 3226 1186 3299 ab
1217 3222 1278 3296 olto

252 3365 344 3438 rupe
361 3339 714 3439 perpendiculariter
737 3339 953 3412 decidentis.
1006 3340 1084 3413 Sed
1113 3352 1279 3432 utcunque

253 3453 292 3526 id
319 3455 379 3543 sit,
409 3455 534 3528 videre
561 3464 667 3550 potes
695 3476 741 3525 ex
770 3453 851 3549 ipso
876 3453 1005 3548 figure,
1042 3452 1144 3548 quod
1176 3462 1280 3524 motus

253 3567 381 3663 rejecti
399 3569 494 3641 ceris
514 3567 552 3640 in
570 3568 600 3638 E
618 3578 655 3639 et
672 3565 701 3637 F
723 3589 797 3638 non
815 3577 871 3638 est
888 3565 936 3638 ad
953 3578 1093 3639 terram
1106 3559 1282 3664 perpendi·

253 3680 398 3769 colaris,
417 3680 482 3753 sed
505 3679 625 3753 tendit
640 3678 775 3776 partim
791 3678 940 3774 quidem
956 3678 996 3750 in
1017 3679 1147 3770 cltum,
1165 3675 1283 3775 partim

254 3816 342 3866 vero
367 3817 493 3867 versus
515 3792 644 3888 polos:
672 3804 710 3865 et
737 3804 935 3888 propterea
961 3791 1077 3865 etiam
1106 3793 1175 3866 sub
1200 3791 1283 3887 ipsos

254 3908 359 4005 polos
377 3931 452 3980 non
470 3907 587 3980 multo
605 3906 747 3979 tardius
772 3917 941 3979 movetur
963 3929 1077 4001 quam
1104 3906 1202 3979 inter
1220 3915 1283 3976 tro

253 4021 367 4119 picos.
420 4020 613 4108 Praetereo,
631 4031 775 4093 motum
792 4020 890 4092 hunc
908 4043 1080 4116 suppono
1097 4043 1174 4093 non
1190 4012 1282 4090 modo

254 4137 293 4209 in
319 4148 430 4224 terra,
459 4133 664 4207 sedetiam
693 4133 731 4205 in
761 4131 850 4220 sole,
880 4145 919 4206 et
947 4131 1049 4223 luno,
1080 4143 1120 4207 et
1151 4124 1282 4224 reliquis

255 4248 369 4322 stellis
386 4260 463 4321 tam
481 4248 563 4321 fixis
579 4272 690 4344 quam
708 4246 936 4320 errantibus:
961 4270 1121 4342 quorum
1134 4258 1282 4320 motuum

256 4362 535 4458 compositione,
561 4374 683 4433 motus
713 4361 849 4434 oerisa
874 4359 997 4433 medio
1025 4359 1156 4434 mundi
1176 4370 1281 4432 versos

255 4475 360 4571 polos
377 4475 502 4571 augeri
520 4473 749 4569 aliquantum
765 4498 915 4548 necesse
934 4485 1001 4547 est.

306 4589 355 4661 A.
382 4588 587 4662 Verisimile
612 4599 678 4661 est.
