2618 5092
247 660 583 717 'unrnnimnrcm
604 661 847 714 annianum.
1008 652 1071 718 161

106 831 143 904 Α.
167 830 261 905 Scio.
288 831 458 905 Vidimus
471 831 549 926 jam
566 829 604 900 in
622 828 692 902 hac
721 842 827 925 parte
855 830 976 925 operis
1004 855 1077 902 ma·
1114 860 1265 902 ciaconus

73 942 240 1032 tlematici,
270 943 488 1041 professoris
528 943 641 1015 vestri
671 956 760 1039 quot
794 955 877 1016 sunt
913 966 1077 1016 errores:

72 1057 189 1147 scilieet,
203 1058 329 1154 plnres
346 1080 457 1154 qnam
473 1078 606 1130 censor
615 1055 723 1144 ullus,
734 1056 968 1151 quantumvis
979 1079 1080 1128 seve-

70 1191 122 1258 rus,
136 1171 171 1244 in
187 1171 358 1245 omnibns
377 1168 524 1265 scriptis
546 1167 710 1241 omnium
737 1169 1079 1242 mathematicorum

70 1281 150 1358 editis
164 1284 331 1357 invenire
351 1294 486 1380 potest.

102 1395 210 1470 Β.Ιά
239 1395 390 1493 quidem
420 1396 556 1469 nescio.
606 1395 744 1468 Verum
775 1395 880 1468 side
911 1396 1081 1469 omnibns

68 1508 150 1582 simul
162 1508 342 1584 doctrinae
355 1508 522 1606 partibus
535 1507 715 1604 judicium
731 1507 855 1598 facies,
873 1532 948 1582 non
966 1509 1080 1582 medi-

67 1622 176 1696 ocriter
190 1622 345 1697 doctum
362 1645 441 1696 esse
459 1621 695 1695 existimabis.
747 1622 954 1718 Theologus
982 1623 1079 1694 enim

66 1745 115 1823 ost,
138 1746 174 1809 et
201 1735 358 1832 logicus,
387 1747 425 1808 et
454 1733 639 1830 physicus,
671 1744 709 1808 et
730 1734 1012 1831 metaphysieus‚
1044 1748 1081 1807 et

64 1847 223 1942 polticns,
255 1860 295 1922 et
331 1848 484 1936 ethicus,
503 1857 541 1920 et
569 1847 708 1945 peritus
733 1847 827 1944 juris
856 1849 1013 1922 Romani
1043 1861 1081 1921 et

64 1958 249 2058 Anglioani.
327 1962 522 2047 Praeterea,
555 1959 699 2055 linguas
733 1961 835 2034 novit
871 1960 1080 2048 Hebraeam,

64 2072 248 2165 Arabicam,
261 2073 518 2158 'santonicam
537 2072 729 2161 Gallicam,
748 2073 926 2162 Italicam,
950 2074 1080 2145 Armo-

64 2184 165 2276 ricam,
183 2210 342 2285 quarum
359 2185 559 2283 specimina
585 2198 624 2259 et
654 2186 873 2260 criticismos
887 2185 1012 2258 vidisti
1043 2187 1082 2257 in

64 2295 118 2372 boe
130 2300 223 2374 libro
239 2332 250 2386 ;
277 2312 316 2374 et
325 2310 509 2398 praeterea
521 2300 770 2396 symbolicam,
788 2325 881 2396 quae,
899 2311 941 2372 ut
957 2299 1083 2395 lingua

64 2412 208 2505 quadam
223 2413 454 2498 universalis,
469 2425 525 2487 est
541 2413 658 2486 instar
675 2413 851 2487 omnium.

100 2523 140 2598 A.
162 2527 334 2600 Vidimus
376 2525 524 2623 quidem
558 2525 675 2599 videri
704 2527 798 2600 velle
840 2527 924 2600 haec
963 2549 1082 2613 nosse,

66 2655 161 2732 neque
193 2638 392 2735 quicquam
422 2638 523 2713 aliud
550 2651 687 2736 praeter
716 2663 860 2713 errores
890 2651 928 2715 et
966 2663 1083 2734 nugas

67 2767 163 2824 nosse.

105 2860 146 2937 B.
169 2863 283 2938 Liber
313 2863 373 2938 hic
405 2865 510 2954 alter,
538 2889 646 2961 quem
674 2864 919 2938 examinatori
947 2888 1083 2954 sumus,

69 2968 474 3052 ridebiturtibifortasse
491 2978 631 3052 melior.
683 2977 785 3050 Vale.

445 3315 691 3327 m

446 3333 691 3343 -ι--ι--ι--ι

306 3581 555 3657 ammaus
586 3579 823 3661 QUINTUS.

99 3983 142 4056 A.
169 3983 271 4059 Bene
287 3982 440 4056 advenis
454 4015 464 4068 ;
490 3981 555 4055 sed
571 3994 609 4056 te
626 3985 864 4080 expectabam
882 3985 973 4058 heri.

99 4093 144 4169 B.
168 4096 305 4168 Venire
340 4120 416 4169 non
455 4095 571 4192 potui.
637 4095 694 4168 Tu
727 4120 814 4169 vero
856 4108 959 4171 tanto
1001 4098 1083 4193 plus

58 4200 204 4283 habuisti
230 4208 299 4282 otii
324 4209 471 4296 librum,
503 4232 612 4303 quem
641 4219 763 4281 tecum
793 4209 935 4305 reliqui,
966 4209 1083 4305 perle-

95 4321 166 4395 ndi.

56 4338 144 4511 ὅθΑ.
171 4435 327 4532 Perlegi,
345 4436 415 4509 nisi
441 4434 539 4530 quod
568 4445 746 4508 tractatus
777 4436 824 4508 de
853 4433 1085 4508 Sectiouibas

1118 943 1268 1046 „aa

57 4541 198 4621 Cornicis
215 4549 339 4646 capita
361 4549 515 4646 aliquot,
537 4571 622 4645 quaa
642 4548 814 4645 symbolis
841 4548 994 4621 nimium
1018 4545 1085 4616 im,

146 4684 240 4738 von.
259 4684 317 4738 lv.
954 4682 986 4732 Μ
