2618 5092
292 692 872 745 usrnnuurrcnnonmnum.
1032 673 1104 751 227

60 871 176 935 motus
208 861 259 935 ad
293 860 536 958 producenda
569 861 814 958 phaenomena
849 870 992 932 naturae
1027 859 1105 930 fere
1139 881 1273 922 numm]

59 975 179 1048 amnia
197 974 249 1048 sit
266 975 432 1049 omnium
449 987 618 1049 motuum
635 974 858 1072 aptissimus,
877 973 965 1070 quia
980 983 1105 1046 tamen
1145 963 1273 1067 „2¹-

57 1111 79 1160 a
93 1089 245 1162 nemine
255 1099 344 1163 ante
361 1089 463 1162 illum
478 1088 755 1163 animadversus
768 1101 807 1161 et
819 1088 1023 1185 explicatus
1038 1097 1105 1173 est,

57 1199 213 1276 lectores
243 1202 354 1299 pauci
381 1202 533 1276 ductum
563 1202 752 1291 orationis,
783 1225 856 1298 qua
891 1213 1014 1274 motus
1044 1200 1106 1273 ille

58 1313 281 1390 describitur
299 1328 338 1388 et
354 1326 602 1412 computatur,
617 1315 725 1388 facile
743 1315 846 1411 sequi
863 1327 1028 1411 possunt.

104 1428 156 1502 Α.
185 1429 226 1502 Si
252 1429 335 1525 quis
351 1440 611 1503 manuteneat
635 1451 771 1525 eorpus
797 1427 948 1525 aliquod
975 1428 1105 1523 figurae

58 1543 322 1638 cujuscunque,
352 1553 444 1638 puta
473 1541 598 1639 pilam,
629 1566 650 1614 e
679 1565 752 1637 qua
779 1542 855 1636 pila
880 1540 1107 1636 promineret

58 1655 173 1752 stylus
191 1654 434 1751 scriptorius3
461 1678 509 1727 an
542 1654 689 1727 difficile
720 1664 778 1726 est
807 1654 1013 1750 imaginari,
1033 1677 1106 1749 quo

58 1767 167 1841 modo
185 1767 249 1841 ille
267 1791 312 1841 eo
329 1768 426 1864 stylo
442 1768 561 1864 possit
578 1768 723 1842 literam
742 1767 903 1864 aliquam
920 1765 1105 1863 alphabeti

59 1879 173 1955 ductu
186 1879 368 1954 continuo
385 1880 563 1954 exarare?

105 1995 156 2068 B.
184 1994 291 2068 Nihil
300 1993 457 2068 facilius.

106 2109 157 2182 A.
186 2107 300 2184 Quod
317 2108 349 2182 si
364 2109 490 2204 plures
508 2108 617 2181 simul
646 2109 733 2204 styli
760 2106 1026 2203 prominerent,
1054 2106 1108 2177 ita

60 2233 100 2296 ut
114 2223 292 2297 tabellam
309 2222 469 2319 aliquam
487 2245 615 2296 omnes
628 2221 738 2294 simul
748 2229 964 2317 tangereut3
983 2242 1108 2291 nonne

60 2336 157 2412 idem
174 2337 307 2412 eodem
324 2348 491 2433 tempore
508 2337 634 2410 literas
647 2336 771 2433 plures
784 2357 936 2407 exarare
949 2330 1107 2429 poterit?

109 2451 160 2526 B.
186 2450 305 2539 Mille,
341 2451 373 2522 si
399 2450 492 2540 vult,
524 2460 562 2522 et
589 2460 645 2523 tot
676 2450 751 2522 sint
781 2447 878 2544 styli.
932 2446 1006 2520 Sed
1035 2445 1108 2518 illae

61 2576 169 2639 erunt
186 2587 316 2639 omnes
333 2564 431 2637 inter
449 2586 489 2637 se
503 2562 640 2636 similes
658 2573 695 2635 et
712 2561 884 2658 aequales.

107 2675 156 2751 A.
183 2676 228 2750 Id
247 2675 397 2772 quidem
413 2675 649 2750 manifestum
668 2685 736 2748 est.
764 2674 839 2748 Sed
869 2673 949 2771 quis
966 2673 1109 2747 interea

62 2802 182 2865 motus
194 2800 233 2862 et
246 2788 366 2886 qualis
384 2788 529 2862 dicetur
546 2789 660 2862 totius
677 2787 787 2884 pilae?

107 2904 159 2978 B.
187 2902 372 2991 Profecto,
407 2926 518 3000 quem
558 2913 700 2976 motum
733 2902 846 2974 habet
878 2901 988 2973 unius
1023 2898 1109 2995 styli

64 3017 257 3114 cujuslibet
275 3016 409 3112 cuspis,
428 3015 586 3088 eundem
604 3015 755 3087 habebit
773 3013 895 3111 cuspis
913 3013 998 3108 styli
1016 3013 1108 3085 alte-

63 3130 136 3204 rius
152 3130 430 3225 cujuscunque3
456 3129 532 3202 imo
549 3151 638 3201 vero
656 3137 835 3224 punctum
848 3150 964 3198 unum
992 3124 1109 3221 quod-

63 3242 150 3317 libet
166 3255 248 3325 tum
265 3241 351 3338 pilae
368 3253 448 3315 tum
466 3266 608 3316 manus.

110 3357 160 3429 Α.
188 3354 317 3428 Motus
341 3354 419 3450 jam
436 3354 521 3451 pilae
537 3355 618 3450 ipse
636 3363 705 3442 est,
724 3377 833 3450 quem
860 3353 1021 3450 appellat
1048 3353 1109 3426 ille

64 3477 193 3542 notam
214 3467 442 3541 circularem
469 3467 689 3567 simplicem,
715 3492 792 3541 non
819 3467 930 3541 modo
961 3467 1109 3565 quando

65 3582 144 3677 pilae
156 3592 298 3679 puncta
315 3580 531 3655 describunt
548 3581 716 3671 circulos,
735 3581 800 3655 sed
823 3582 937 3654 etiam
962 3581 1109 3677 quando

66 3695 243 3790 quaslibet
255 3693 347 3767 alias
361 3692 577 3768 describunt
589 3694 738 3790 figuras,
756 3695 868 3768 modo
885 3706 1024 3792 puncta
1047 3695 1110 3767 illa

66 3821 166 3882 motu
181 3831 250 3882 suo
268 3806 316 3881 ad
333 3806 417 3881 loca
434 3808 588 3881 redeant
602 3808 702 3882 unde
719 3808 860 3882 moveri
878 3811 1109 3905 inceperunt.

68 3919 176 4018 Cujus
193 3933 320 3994 motus
342 3921 549 4017 proprietas
567 3944 641 3993 uua
657 3931 724 4007 est,
742 3934 785 3994 ut
811 3922 985 4018 quaelibet
1014 3923 1112 3995 linea

68 4031 187 4132 inpila
200 4044 351 4129 sumpta
360 4033 501 4107 feratur
514 4033 585 4106 sibi
597 4058 742 4129 semper
753 4036 939 4131 parallela.
968 4037 1111 4109 Notan-

69 4144 148 4221 dum
166 4159 224 4222 est
243 4147 358 4220 etiam
376 4147 460 4235 hoc,
476 4147 576 4244 quod
593 4159 735 4221 naturae
753 4173 828 4223 non
846 4162 1029 4246 repugnat
1046 4148 1110 4220 tali

71 4272 177 4352 matu,
195 4284 421 4359 quamquam
438 4260 680 4352 velocissimo,
703 4260 859 4335 describi
886 4287 993 4359 posse
1020 4263 1109 4355 figu-

72 4388 140 4445 ram
174 4373 291 4448 etiam
319 4372 615 4448 minutissimam.
682 4376 795 4449 Hunc
819 4389 961 4450 motum
989 4374 1111 4446 telluri

74 4484 212 4576 quidem
229 4486 302 4562 toti
321 4487 493 4561 attribuit
510 4488 759 4584 Copernicus;
790 4490 959 4564 Hobbius
987 4500 1111 4560 autem

957 4615 984 4671 Q
1002 4620 1015 4662 a
