2618 5092
234 630 310 697 430
378 644 433 695 nu
451 640 686 697 4444444444
703 640 756 695 rar
773 638 1151 693 nrrocrnarronn

52 838 123 881 cn.
137 836 204 879 xva
234 811 374 885 habent
390 811 573 886 rationem
588 818 614 884 6
630 809 732 901 4414,
748 808 976 907 pomeriorco
992 808 1083 883 dure
1100 806 1275 883 rationem

47 906 195 1011 ms.
233 923 377 999 rada.

47 1028 131 1075 “⁶⁰¹²
285 1038 410 1112 Habet
426 1038 538 1111 etiam
554 1035 771 1111 methodum
797 1034 994 1111 auferendi
1015 1034 1200 1109 rationem
1213 1032 1275 1109 mi·

232 1173 363 1225 norem
379 1174 403 1224 a
419 1152 571 1246 majore.
609 1148 666 1223 Sit
683 1150 779 1223 ratio
795 1156 809 1223 l
824 1148 906 1223 4414
919 1146 1127 1223 auferenda
1140 1146 1274 1223 ratione

232 1262 377 1338 24414.
428 1260 1049 1353 114444244411444144441444
1070 1270 1084 1337 l
1108 1260 1273 1335 adullam

232 1386 279 1451 22
305 1389 345 1450 et
361 1376 589 1450 collocentur
602 1375 734 1449 ordine
749 1388 826 1449 tren
842 1374 990 1449 numeri
1008 1382 1090 1465 Ι,2,
1105 1384 1143 1449 4.
1172 1372 1272 1449 Ratio

237 1487 323 1561 lad
340 1498 363 1561 4
381 1487 616 1585 componitur
632 1510 680 1561 ex
695 1487 900 1561 rationibus
921 1496 936 1561 1
959 1485 1008 1561 ad
1027 1494 1066 1577 2,
1082 1498 1124 1561 et
1139 1496 1163 1563 2
1179 1485 1271 1560 4414.

234 1601 360 1677 Quare
387 1600 511 1675 ablata
540 1600 686 1676 ratione
715 1599 844 1675 24414
868 1623 916 1673 ex
943 1600 1094 1675 ratione
1124 1608 1142 1675 l
1171 1598 1269 1687 4414,

231 1712 375 1810 reliqua
392 1726 449 1788 est
465 1715 560 1787 ratio
583 1722 597 1787 1
619 1712 668 1787 441
685 1723 721 1790 2.

284 1827 473 1914 Similiter,
487 1827 519 1901 si
536 1850 582 1901 ex
598 1827 743 1901 4441444
756 1836 780 1901 3
793 1826 842 1900 441
858 1823 1268 1902 244144444441144114

232 1938 376 2030 24413,
407 1942 474 2014 fiat
496 1952 538 2015 ut
565 1940 715 2031 24413,
743 1940 797 2014 itu
819 1939 909 2015 3441
933 1938 1047 2014 aliam
1071 1940 1133 2020 41.
1182 1936 1269 2011 Nam

231 2053 361 2150 positia
387 2053 528 2144 ordine,
547 2062 583 2144 3,
600 2054 659 2141 41,
677 2062 727 2138 2;
752 2052 849 2127 ratio
866 2063 890 2128 2
908 2050 1013 2142 4413,
1040 2051 1081 2126 141
1098 2050 1268 2141 eutrotia

233 2175 256 2241 3
274 2166 323 2241 441
339 2173 398 2257 41,
430 2166 598 2241 aufertur
613 2191 636 2240 a
652 2165 796 2240 ratione
821 2174 845 2240 3
861 2165 911 2239 441
927 2175 965 2256 2,
976 2177 1036 2247 ,et
1060 2162 1269 2263 relinquitur

230 2279 454 2365 4441441441
472 2290 508 2355 2.
560 2280 684 2377 Atque
704 2279 762 2353 hae
783 2278 951 2353 methodi
973 2278 1097 2353 ambae
1111 2300 1268 2375 compro·

231 2393 368 2467 bantur
384 2418 407 2467 4
424 2393 551 2468 Clario
568 2393 617 2466 ad
633 2417 739 2490 prop.
756 2402 818 2482 23,
836 2392 952 2466 Elem.
971 2392 1022 2466 vi.

663 2707 861 2717 -ι-ι-ι

663 2723 861 2735 —

629 2913 734 2987 CAP.
760 2910 881 2986 XVII.

301 3086 535 3137 RESPONSlO
555 3086 611 3136 AD
631 3085 818 3143 QUAEDAM
842 3083 1037 3142 QUAESITA
1056 3084 1211 3136 cuawl.

232 3202 489 3274 1144404440
518 3202 594 3296 jam
619 3200 667 3272 ad
692 3200 847 3297 quaesita
870 3200 998 3286 Clarii,
1023 3209 1062 3273 et
1085 3201 1205 3296 primo
1228 3197 1269 3272 ad

231 3315 322 3389 hoc:
353 3313 527 3409 Qnisteri
537 3322 677 3410 potest,
695 3323 736 3385 41
748 3312 891 3410 positia
910 3311 1030 3384 tribua
1048 3312 1269 3411 magnitudi-

231 3426 337 3500 nibus
357 3425 560 3524 oequolibur
577 3436 613 3514 4,
636 3434 671 3511 4,
690 3435 726 3513 4,
754 3425 854 3497 ratio
875 3425 1015 3521 primae
1042 3425 1100 3498 ad
1127 3426 1270 3498 tertiani

230 3539 348 3636 dupla
379 3539 430 3610 ait
457 3539 617 3610 rationis
640 3538 776 3635 primae
799 3538 854 3610 od
876 3538 1092 3627 recondam,
1117 3563 1198 3611 cum
1226 3537 1272 3609 eit

229 3653 370 3725 omniuo
387 3651 551 3725 eadem?

281 3765 467 3839 Quoniam
494 3765 589 3837 ratio
615 3765 743 3861 primae
769 3762 859 3836 4441
885 3762 1087 3836 secundam
1106 3773 1142 3853 4,
1161 3786 1271 3859 quan·

229 3880 365 3952 tumvis
392 3878 634 3974 multiplicata
659 3901 847 3974 nunquam
874 3877 1065 3972 superabit
1094 3878 1271 3952 rationem

228 3992 385 4066 eandem
403 4003 423 4065 4
445 3992 492 4064 ad
509 4000 546 4080 4,
564 4015 684 4087 neque
712 3991 946 4087 quantumvis
973 4014 1042 4086 per
1062 3990 1205 4065 medias
1221 3992 1271 4062 in·

227 4107 425 4202 terpositas
452 4105 569 4179 divisa
596 4106 642 4177 ab
666 4104 729 4177 illa
756 4104 1008 4199 superabitur:
1039 4105 1272 4178 manifestum

227 4231 284 4292 est
303 4218 485 4292 rationem
503 4228 525 4290 4
545 4217 632 4291 4414
655 4223 710 4306 (et
734 4218 773 4290 in
799 4217 1026 4306 universum,
1050 4219 1205 4315 aequalis
1228 4215 1272 4291 ad

227 4334 383 4428 aequale)
404 4356 477 4405 non
505 4355 583 4404 esse
611 4331 867 4427 quantitatem,
885 4354 1006 4427 neque
1029 4356 1141 4428 posse
1158 4356 1270 4429 aequa-

227 4445 350 4520 litates
379 4446 469 4519 alias
494 4445 576 4518 aliis
596 4445 752 4540 majores
769 4442 827 4516 vel
851 4444 1013 4518 minores
1036 4467 1132 4519 esse.
1184 4444 1271 4519 144-

226 4557 447 4651 qualitatum
479 4571 602 4633 autem
630 4558 702 4632 alia
729 4556 801 4631 alia
831 4557 949 4651 major
971 4580 1054 4632 esse
1076 4572 1215 4656 potest,
1236 4568 1270 4629 et
