2618 5092
810 111 816 118 ,

669 185 677 198 ὓ·

384 677 440 731 nn
458 677 628 731 urruns
646 677 783 731 annrs.
1031 661 1105 740 267

58 845 196 934 incussi,
214 854 279 920 est
310 846 538 943 compressio
560 847 660 920 intra
687 846 848 919 vesicam
878 869 962 942 quae
989 855 1106 936 extra,

58 960 149 1056 cnjus
177 969 357 1050 conatus,
377 971 530 1056 propter
555 960 654 1033 viam
677 972 844 1033 motuum
870 959 1107 1054 undiquaque

58 1073 303 1162 decussatum,
322 1071 444 1146 tendit
464 1071 701 1168 undiquaque
722 1071 771 1145 ad
798 1073 1030 1168 superficiem
1046 1096 1109 1144 ve-

59 1186 136 1261 sieae
149 1209 373 1261 eonoavam.
425 1186 550 1261 Quare
573 1186 819 1259 necessarium
847 1196 903 1259 est
929 1196 973 1259 ut
999 1185 1109 1259 undi-

61 1323 202 1397 quaque
214 1300 499 1388 intumescat,et
510 1310 699 1372 crescente
710 1308 865 1372 conatus
876 1298 1108 1372 vehementia

60 1412 209 1487 tandem
226 1410 426 1485 laceretur.

107 1525 159 1599 B.
186 1525 229 1599 Si
242 1547 345 1614 aeus,
360 1533 531 1621 magnete
542 1524 698 1613 excitus,
709 1523 825 1596 libere
838 1522 999 1619 pendeat
1009 1523 1109 1596 intra

60 1638 254 1735 recipiens,
266 1648 441 1733 aequetur
458 1650 583 1711 tamen
596 1637 658 1709 ille
670 1648 813 1709 motum
826 1636 915 1709 ferri
929 1637 1029 1733 quod
1040 1637 1109 1710 cir·

61 1750 297 1826 oumdueitnr
323 1759 429 1823 extra
453 1750 647 1846 recipiens
698 1749 794 1821 Item
825 1749 982 1845 objecta,
1009 1751 1109 1823 intus

60 1865 193 1961 posita,
213 1863 261 1937 ab
288 1863 335 1937 iis
363 1863 426 1959 qui
453 1874 558 1936 extra
587 1873 674 1936 sunt
700 1861 936 1950 videbuntur,
963 1875 1001 1936 et
1027 1864 1110 1936 soni

61 1978 161 2051 intus
172 1976 265 2050 faeti
280 1974 488 2050 audientur.
541 1975 676 2049 Omnia
692 1976 773 2048 haee
785 1998 890 2070 aeque
904 1987 987 2072 post
1000 1988 1110 2072 atque

63 2103 150 2164 ante
166 2089 402 2163 eructionem
414 2089 522 2177 aeris,
532 2088 606 2161 nisi
617 2087 717 2185 quod
730 2087 811 2160 soni
822 2099 907 2160 sunt
920 2088 1110 2185 aliquanto

63 2214 147 2301 post
164 2227 277 2300 quam
290 2213 377 2276 ante
394 2200 600 2276 debiliores.

112 2317 163 2390 A.
192 2316 494 2390 Manifestissima
526 2317 608 2390 haee
642 2327 729 2388 sunt
763 2317 870 2412 signa
900 2315 1111 2411 recipientis

64 2454 210 2528 semper
233 2430 346 2527 pleni,
364 2453 434 2503 nee
451 2454 558 2527 posse
575 2429 662 2503 inde
680 2430 791 2526 exngi
815 2452 948 2502 aerem.
1001 2429 1113 2503 Quod

65 2556 189 2618 antem
216 2543 299 2617 soni
321 2542 408 2617 inde
431 2543 640 2618 sentiantur
661 2541 868 2632 debiliores,
887 2542 1033 2638 signum
1056 2554 1112 2615 est

66 2657 432 2731 consistentiaeeeris.
459 2656 712 2730 consistentia
729 2668 852 2729 autem
864 2656 958 2729 aeris
971 2679 995 2728 a
1007 2667 1114 2729 motu

66 2771 143 2867 ejus
160 2782 219 2844 est
235 2792 302 2866 per
319 2769 435 2843 lineas
451 2768 717 2842 diametraliter
731 2768 930 2867 oppositae.

115 2881 165 2956 B.
192 2881 315 2954 Etiam
328 2879 402 2954 dno
418 2879 580 2977 pendula
590 2880 745 2976 aequalia
762 2892 800 2953 et
813 2880 957 2969 similia,
975 2881 1015 2952 in
1032 2879 1115 2952 alti-

66 2994 193 3069 tudine
206 2993 350 3092 aequali,
369 2993 400 3066 si
417 2994 574 3066 alterurn
591 2992 630 3065 in
648 3015 733 3065 aere
750 2992 879 3080 libero,
898 2991 1056 3064 alterum
1074 2993 1114 3065 in

66 3119 220 3183 vacuato
237 3108 437 3203 recipiente
450 3129 668 3203 suspensum
685 3106 745 3195 sit,
757 3105 936 3199 simulque
954 3114 1116 3177 retracta

68 3223 139 3296 sint
155 3248 180 3297 a
196 3222 271 3296 situ
288 3220 609 3318 perpendiculari;
636 3243 763 3292 eorum
791 3218 924 3293 itiones
950 3228 988 3291 et
1018 3217 1115 3290 redi-

68 3336 185 3410 tiones
203 3333 313 3407 simul
326 3333 588 3416 absolventur3
616 3332 826 3405 differentia
842 3331 973 3404 saltem
996 3333 1115 3405 mani-

68 3447 159 3524 festa
171 3472 249 3523 non
267 3458 433 3557 apparet.

112 3561 161 3636 Α.
189 3559 324 3634 Credo.
357 3559 553 3655 Recipiens
566 3558 665 3632 enim
681 3582 757 3631 non
775 3567 866 3646 erat,
884 3568 927 3630 ut
943 3558 1116 3653 putastis,

69 3675 183 3772 magis
196 3697 358 3747 vaenum
370 3684 456 3769 post
473 3697 584 3769 qnam
602 3682 689 3745 ante
706 3672 923 3745 suctionem.

99 3770 166 3862 ¹B.
195 3787 237 3860 Si
255 3784 329 3859 duo
347 3809 503 3882 corpora
521 3785 625 3873 dura,
650 3795 752 3880 puta,
780 3807 965 3858 marmora
994 3783 1116 3879 plana,

69 3899 159 3976 bene
176 3898 361 3995 laevigata,
380 3922 419 3972 se
436 3909 566 3972 mutuo
582 3898 784 3971 secundum
803 3898 1014 3995 superficies
1032 3921 1117 3970 suas

70 4013 195 4109 planas
225 4013 429 4106 tetigerint,
448 4012 522 4100 illa,
540 4024 583 4084 ut
607 4013 689 4101 seis,
718 4012 773 4085 ita
798 4012 1051 4098 cohaerebunt,
1075 4019 1118 4082 ut

70 4126 105 4200 in
129 4150 216 4200 aere
234 4148 411 4222 suspensa
438 4148 599 4197 marmor
615 4125 768 4197 inferius
785 4150 808 4198 a
824 4124 1012 4221 superiore
1039 4122 1117 4194 sine

71 4262 203 4337 magno
230 4238 407 4336 pondere,
433 4250 498 4312 aut
522 4239 594 4311 alia
622 4262 756 4333 magna
775 4238 823 4326 vi,
851 4235 1012 4334 separari
1040 4258 1118 4306 non

71 4353 195 4446 possit.
265 4350 424 4425 Ponderi
459 4352 530 4425 hoo
564 4352 773 4425 attribuunt
806 4361 974 4424 nostrum
1004 4348 1118 4442 aliqui

74 4465 250 4540 eolnmnae
278 4464 581 4560 atmosphaerieae,
606 4467 711 4561 eujus
729 4464 836 4536 nixus
854 4485 921 4560 per
937 4460 1118 4534 resultum

75 4578 290 4653 terminatur
307 4577 347 4651 in
364 4579 555 4675 superficie
568 4577 741 4651 inferiore
756 4575 939 4650 inferioris
953 4598 1114 4649 marmu-
