2618 5092
180 646 254 713 522
407 658 695 720 Quanaanuan
713 658 900 729 cracnnr,
918 658 1012 713 sno.

48 852 91 893 an
179 826 308 901 similis
327 839 394 901 est.
445 826 584 925 Recipe
605 826 644 900 in
671 826 835 901 animum
862 840 973 901 tunm
997 850 1068 925 per
1090 826 1225 923 cogita·

21 930 170 1055 2322?
180 940 320 1015 tionem
337 940 591 1014 vehementem
609 964 732 1015 rerum
749 940 926 1037 ipsarum,
938 963 1019 1015 non
1034 938 1223 1015 literarum

21 1037 155 1117 κε’-ν’
180 1065 247 1127 aut
263 1078 450 1140 sonorum,
462 1054 653 1151 imagines.
688 1054 732 1129 in
749 1054 927 1145 scientiis,
941 1078 1101 1153 sequere
1118 1054 1224 1128 ratio

180 1190 268 1241 nem
307 1167 523 1257 naturalem,
555 1190 689 1265 sperne
729 1168 998 1243 authoritatem
1031 1168 1223 1265 magistro

182 1302 282 1353 rum:
299 1279 339 1353 in
356 1280 434 1353 vita
448 1278 559 1367 civili,
576 1302 730 1377 sequere
746 1280 1012 1355 authoritatem
1028 1280 1222 1378 publicu,

182 1415 314 1490 sperne
338 1392 518 1468 rationem
543 1393 736 1490 privatam.
788 1392 873 1467 Hoc
889 1394 922 1467 si
938 1394 995 1467 ita
1021 1392 1172 1482 feceris,
1196 1394 1222 1467 si

181 1528 260 1579 non
275 1505 399 1595 ditior,
416 1505 596 1580 eruditior
612 1518 736 1580 tamen
753 1506 831 1580 fies.
865 1506 1060 1603 Opuscnla
1072 1506 1137 1580 illa
1153 1520 1221 1593 tua,

184 1618 387 1693 Eleae-leam
402 1618 617 1717 geometria
635 1616 856 1709 Hodbianae,
873 1618 1153 1694 correctionem
1168 1620 1222 1693 de·

184 1732 311 1821 bitom,
330 1732 464 1805 Punctr'
480 1730 783 1831 dispunctionem,
798 1732 983 1807 Hobdiam
1002 1732 1223 1807 Heautonti-

183 1868 423 1935 morumenos,
440 1868 487 1920 ne
504 1846 629 1941 magni
648 1846 824 1919 sestimes:
850 1869 937 1920 nam
955 1847 1128 1943 puerilia,
1152 1871 1223 1919 rna

184 1960 271 2049 tica,
288 1958 451 2049 indocta,
468 1958 618 2032 inficeta
633 1970 733 2033 sunt.
785 1959 916 2057 Neque
934 1982 980 2033 ea
996 1983 1069 2057 ego
1086 1985 1167 2058 quae
1182 1961 1224 2034 ad

187 2084 252 2147 tna
263 2070 448 2171 respondi,
461 2071 576 2169 digna
587 2094 720 2145 censeo
733 2094 816 2169 quae
832 2097 855 2145 a
871 2076 1032 2171 posteris
1045 2073 1223 2170 legentur.

186 2186 361 2261 Permitte
386 2184 581 2259 maledicta
606 2186 734 2275 emori,
765 2186 950 2283 theologe.
1003 2188 1061 2260 Ex
1084 2211 1225 2284 geome-

186 2298 288 2374 tricis
313 2300 404 2372 meis
421 2322 504 2395 quae
526 2298 659 2372 durare
676 2298 819 2389 vellem,
836 2313 875 2373 et
891 2323 960 2396 per
976 2312 1015 2374 te
1033 2324 1111 2373 non
1135 2300 1225 2397 peri-

185 2415 291 2503 bunt,
306 2414 386 2487 haec
399 2413 577 2486 suntt-i.
593 2412 830 2487 Quadratum
842 2414 1062 2487 circuli—ii.
1075 2414 1225 2487 Cubatio

187 2527 441 2624 sphaerae-iii.
461 2525 670 2621 Duplicatio
696 2526 878 2599 cubi-iv.
898 2528 1072 2600 inventio
1096 2527 1225 2598 media·

185 2665 267 2714 rum
278 2652 513 2737 quotcunque
528 2639 624 2711 inter
638 2639 729 2711 duas
743 2650 862 2712 rectas
876 2639 1071 2712 datas—v.
1092 2640 1227 2711 Divisio

186 2756 309 2852 anguli
325 2753 402 2826 dati
416 2752 454 2825 in
468 2752 611 2826 ratione
625 2752 810 2826 data-vi.
825 2753 995 2825 Iuventio
1009 2754 1130 2826 centri
1148 2777 1227 2848 gra-

187 2869 313 2941 vitatis
337 2866 669 2940 semicirculi-vii.
688 2866 869 2940 Doctrina
893 2867 1083 2940 rationum
1101 2880 1227 2940 tota—

187 2984 262 3056 viii.
282 2981 427 3055 Scabiei
447 3005 557 3077 quam
583 2982 797 3078 geometriae
820 2981 1033 3053 affricuerat
1056 2981 1227 3053 arithme-

189 3098 273 3183 tica,
288 3094 403 3191 (quod
418 3116 583 3167 meorum
597 3118 750 3189 operum
765 3093 965 3166 maximum
980 3118 1060 3167 esse
1074 3093 1228 3190 judico),

189 3211 360 3285 detersio.
390 3208 661 3299 Lassescojam.
694 3206 936 3295 Voie‚luctor.
969 3208 1020 3281 Et
1032 3221 1075 3282 tu
1088 3232 1229 3305 quoqne

187 3325 280 3412 vale,
298 3323 484 3397 Professor
501 3321 701 3393 Snviliane:
721 3331 758 3392 et
774 3320 896 3392 fruere
914 3321 1024 3393 nnius
1039 3333 1078 3395 et
1095 3334 1230 3419 apertae

188 3436 483 3535 reprehensionis
499 3435 653 3531 gloriola
675 3448 740 3507 tua
756 3435 835 3506 sine
853 3432 1001 3506 invidia.

429 4006 540 4057 Fln'ts
560 4004 799 4057 VOLUMINIS
820 4005 990 4062 QUARTI.
