2618 5092
384 132 437 183 nu
457 132 625 184 narona
646 132 782 182 nurus,
1030 117 1100 180 255

15 299 18 303 '
92 291 164 369 forte
193 295 448 386 concedamus²
483 297 582 394 quod
616 297 893 371 concedendum
927 319 1002 368 uon
1036 306 1104 382 est,

90 411 200 482 moveri
225 433 334 506 posse
365 410 504 507 aliquid
530 435 553 482 a
579 410 711 506 seipso.
764 408 978 506 Supponitis
1006 408 1104 479 enim

88 521 161 594 aeris
174 522 403 619 particulam,
418 546 500 619 quae
518 536 618 596 certe
636 523 724 596 dum
741 523 921 620 premitur
938 521 1104 618 quiescit,

86 631 200 709 adsui
227 636 500 709 restitutionem
528 637 680 726 moveri,
708 636 847 710 nullam
876 635 1105 731 assignantes

84 746 151 823 talis
164 761 283 824 motus
301 773 460 839 causam,
474 762 609 847 praeter
626 750 726 823 illam
743 751 860 846 ipsam
873 748 1104 844 particulam.

122 863 162 937 B.
186 864 296 937 Nosti
313 865 604 960 experimentum
620 863 712 937 illud
728 863 775 937 de
792 887 908 936 vacuo
925 861 1105 936 Torricel·

23 1022 26 1027 -
82 969 210 1052 limum.
263 975 478 1073 Cylindrum
496 1001 638 1066 cavum,
655 978 826 1067 vitreum,
843 976 890 1049 ab
908 1000 983 1049 uua
999 985 1105 1072 parte

81 1101 230 1164 accurate
248 1090 425 1180 clausum,
443 1092 489 1165 ab
519 1090 636 1164 altera
660 1100 766 1187 parte
789 1100 970 1187 apertum,
988 1088 1105 1184 reple-

11 1260 13 1269 .
81 1210 144 1276 tum
168 1214 324 1300 argento
340 1203 424 1278 vivo
452 1204 641 1277 invertunt
663 1204 960 1298 immerguntque
985 1202 1023 1274 in
1042 1225 1106 1275 vas

79 1327 242 1410 apertum,
260 1315 300 1388 iu
322 1339 396 1412 quo
412 1339 497 1389 vase
516 1316 725 1389 continetur
742 1315 852 1388 etiam
869 1314 1016 1408 argenti
1032 1314 1106 1386 vivi

77 1439 240 1521 quantum
267 1451 360 1524 opus
389 1439 447 1501 est
480 1427 528 1501 ad
558 1453 599 1501 os
632 1427 787 1525 cylindri
821 1426 1104 1523 contegendum.

76 1538 191 1638 ltaque
217 1550 416 1636 argentum
444 1539 569 1614 vivum
604 1539 796 1614 descendit
821 1562 842 1611 e
866 1538 1032 1636 cylindro
1066 1539 1105 1611 in

73 1655 266 1750 subjectum
280 1677 355 1727 vas.
395 1654 528 1727 Nonne
542 1678 631 1750 ergo
644 1654 814 1750 spatium,
826 1651 924 1749 quod
941 1651 979 1724 iu
993 1650 1105 1746 cylin-

72 1765 130 1841 dro
146 1768 193 1842 ab
211 1777 367 1862 argento
380 1765 464 1841 vivo
488 1765 679 1855 deseritur,
708 1766 912 1841 remanebit
923 1764 1105 1839 vacuum?

111 1882 160 1954 Α.
187 1881 277 1955 Non
294 1891 349 1954 est
366 1904 526 1954 necesse.
580 1880 619 1954 Si
637 1881 675 1952 in
693 1880 848 1954 fundum
862 1901 977 1974 usque
994 1878 1105 1951 maris

68 1994 181 2069 vesica
216 1993 435 2069 detrudatur
468 1994 577 2091 plena
611 1993 717 2083 aeris,
747 2004 860 2089 atque
893 1991 967 2066 illic
997 2004 1106 2087 rupta

67 2107 201 2181 exitum
228 2107 410 2203 praeberet
434 2107 532 2190 aeri;
557 2117 713 2202 putasne
741 2129 865 2180 aerem
889 2105 1003 2195 illum,
1018 2169 1021 2174 .
1027 2105 1105 2200 jam

65 2218 228 2309 liberum,
246 2219 286 2293 in
314 2220 430 2293 fundo
459 2221 572 2293 maris
598 2243 823 2307 mansurum,
841 2244 889 2294 an
906 2218 1030 2316 potius
1047 2242 1103 2291 as-

64 2355 258 2407 censurum
276 2356 354 2407 esse
371 2332 418 2406 ad
435 2333 663 2429 superficiem
681 2332 813 2427 aquae?

106 2445 157 2518 B.
185 2445 374 2520 Ascendet
386 2446 552 2542 profecto
569 2445 762 2519 manifeste
780 2444 968 2519 ebulliens.

108 2555 156 2632 A.
184 2558 311 2634 Quare
328 2560 478 2633 autem?
529 2558 617 2632 Noli
647 2558 737 2631 mihi
767 2581 865 2630 nunc
883 2557 936 2630 sic
953 2580 1104 2652 respon-

63 2670 159 2762 dere,
170 2696 304 2768 nempe
320 2672 486 2746 accidere
502 2673 585 2761 hoc,
599 2672 685 2768 quia
703 2670 823 2743 minus
841 2682 898 2743 est
914 2694 978 2742 aer
994 2693 1104 2765 quam

61 2808 156 2882 aqua
172 2785 321 2882 gravis:
340 2785 404 2859 sed
417 2785 571 2860 ostende
588 2810 611 2858 a
628 2809 700 2882 quo
719 2794 873 2872 motare,
891 2805 958 2878 per
970 2804 1105 2878 corpus

60 2921 178 2994 aquae,
195 2898 318 2971 minus
334 2899 468 2972 mobile
495 2922 604 2995 quam
622 2910 678 2971 est
695 2898 774 2994 ipse
800 2918 875 2986 aer,
892 2907 1104 2991 penetrum,

60 3011 156 3085 istuc
173 3010 303 3085 fertur.

110 3122 161 3197 B.
188 3123 298 3217 Aqua
328 3121 498 3196 deorsum
525 3132 681 3196 conatur
706 3121 821 3195 multo
852 3119 968 3217 magis
994 3143 1105 3217 quam

59 3259 133 3312 aer.
186 3235 346 3310 Necesse
374 3258 462 3331 ergo
489 3247 556 3325 est,
574 3247 617 3308 ut
633 3235 724 3309 mihi
741 3235 871 3308 saltem
886 3232 1044 3322 videtur,
1062 3245 1106 3307 ut

59 3373 158 3447 aqua
171 3372 242 3447 per
257 3359 431 3423 conatum
450 3372 559 3445 quem
584 3349 696 3423 habet
718 3348 765 3424 ad
790 3360 960 3423 centrum
983 3357 1103 3437 terrae,

60 3466 240 3561 majorem
269 3485 380 3558 quam
406 3461 519 3535 habet
546 3485 620 3551 aer,
645 3485 767 3535 aerem
796 3472 953 3558 premat,
979 3470 1017 3533 et
1042 3482 1106 3532 aer

61 3598 208 3676 pressus
235 3574 392 3648 fundum
413 3584 569 3672 premat,
588 3586 627 3648 et
645 3574 782 3648 fundus
808 3596 955 3671 pressus
982 3596 1104 3645 aerem

59 3687 298 3789 repercutim,
315 3698 420 3762 tanto
447 3700 584 3763 conatu
610 3699 652 3761 ut
674 3711 809 3785 aquam
832 3687 1022 3761 dimovens
1039 3707 1103 3757 ue-

60 3802 221 3879 cessario
238 3813 414 3899 emergat.

108 3917 161 3991 A.
189 3913 292 3990 Quid
308 3915 340 3988 si
356 3915 395 3989 in
412 3939 497 3989 vase
514 3914 638 3989 clauso
656 3938 752 4012 aqua
762 3911 915 3987 inferior
931 3910 1103 4000 existens

58 4051 187 4104 versus
203 4049 340 4118 aerem,
357 4050 468 4124 super
489 4027 611 4124 ipsum
628 4027 859 4112 existentem,
876 4032 1103 4120 supponatur
