<?xml version="1.0" encoding="UTF-8"?>
<!DOCTYPE html PUBLIC "-//W3C//DTD XHTML 1.0 Transitional//EN"
    "http://www.w3.org/TR/xhtml1/DTD/xhtml1-transitional.dtd">
<html xmlns="http://www.w3.org/1999/xhtml" xml:lang="en" lang="en">
 <head>
  <title>
</title>
<meta http-equiv="Content-Type" content="text/html;charset=utf-8" />
  <meta name='ocr-system' content='tesseract 3.04.00' />
  <meta name='ocr-capabilities' content='ocr_page ocr_carea ocr_par ocr_line ocrx_word'/>
</head>
<body>
  <div class='ocr_page' id='page_1' title='image "./thomhobbesmalme03hobbgoog_0240.png"; bbox 0 0 2618 5092; ppageno 0'>
   <div class='ocr_carea' id='block_1_1' title="bbox 0 40 4 726">
    <p class='ocr_par' dir='ltr' id='par_1_1' title="bbox 0 40 4 726">
     <span class='ocr_line' id='line_1_1' title="bbox 0 40 4 726; baseline 0 0"><span class='ocrx_word' id='word_1_1' title='bbox 0 40 4 726; x_wconf 95' lang='lat' dir='ltr'><strong> </strong></span> 
     </span>
    </p>
   </div>
   <div class='ocr_carea' id='block_1_2' title="bbox 0 983 10 3072">
    <p class='ocr_par' dir='ltr' id='par_1_2' title="bbox 0 983 10 3072">
     <span class='ocr_line' id='line_1_2' title="bbox 0 983 10 3072; baseline 0 0"><span class='ocrx_word' id='word_1_2' title='bbox 0 983 10 3072; x_wconf 95' lang='lat' dir='ltr'><strong> </strong></span> 
     </span>
    </p>
   </div>
   <div class='ocr_carea' id='block_1_3' title="bbox 304 116 1108 179">
    <p class='ocr_par' dir='ltr' id='par_1_3' title="bbox 304 116 1108 179">
     <span class='ocr_line' id='line_1_3' title="bbox 304 116 1108 179; baseline 0.009 -7"><span class='ocrx_word' id='word_1_3' title='bbox 304 120 618 175; x_wconf 79' lang='lat' dir='ltr'><strong>MATnnMarlcm</strong></span> <span class='ocrx_word' id='word_1_4' title='bbox 639 125 883 175; x_wconf 82' lang='lat' dir='ltr'><strong>HODIERNAE.</strong></span> <span class='ocrx_word' id='word_1_5' title='bbox 1037 116 1108 179; x_wconf 79' lang='lat'><strong>225</strong></span> 
     </span>
    </p>
   </div>
   <div class='ocr_carea' id='block_1_4' title="bbox 0 284 1265 3672">
    <p class='ocr_par' dir='ltr' id='par_1_4' title="bbox 0 284 1265 1173">
     <span class='ocr_line' id='line_1_4' title="bbox 1 284 1262 388; baseline 0.006 -34"><span class='ocrx_word' id='word_1_6' title='bbox 1 317 3 326; x_wconf 95' lang='lat'><em>·</em></span> <span class='ocrx_word' id='word_1_7' title='bbox 89 304 208 380; x_wconf 80' lang='lat' dir='ltr'><strong>nempe,</strong></span> <span class='ocrx_word' id='word_1_8' title='bbox 234 284 332 359; x_wconf 88' lang='lat' dir='ltr'><strong>latus</strong></span> <span class='ocrx_word' id='word_1_9' title='bbox 350 288 530 383; x_wconf 87' lang='lat' dir='ltr'><strong>quadrati,</strong></span> <span class='ocrx_word' id='word_1_10' title='bbox 549 289 649 385; x_wconf 86' lang='lat' dir='ltr'><strong>quod</strong></span> <span class='ocrx_word' id='word_1_11' title='bbox 666 291 887 385; x_wconf 89' lang='lat' dir='ltr'><strong>quadratum</strong></span> <span class='ocrx_word' id='word_1_12' title='bbox 904 292 1044 388; x_wconf 88' lang='lat' dir='ltr'><strong>aequale</strong></span> <span class='ocrx_word' id='word_1_13' title='bbox 1062 294 1111 365; x_wconf 89' lang='lat' dir='ltr'><strong>sit</strong></span> <span class='ocrx_word' id='word_1_14' title='bbox 1151 322 1262 363; x_wconf 72' lang='lat' dir='ltr'><strong>nmmo</strong></span> 
     </span>
     <span class='ocr_line' id='line_1_5' title="bbox 88 393 1265 507; baseline 0.008 -38"><span class='ocrx_word' id='word_1_15' title='bbox 88 393 192 471; x_wconf 85' lang='lat' dir='ltr'><strong>decem</strong></span> <span class='ocrx_word' id='word_1_16' title='bbox 218 399 408 496; x_wconf 85' lang='lat' dir='ltr'><strong>quadratis</strong></span> <span class='ocrx_word' id='word_1_17' title='bbox 430 424 453 475; x_wconf 91' lang='lat' dir='ltr'><strong>a</strong></span> <span class='ocrx_word' id='word_1_18' title='bbox 475 413 608 499; x_wconf 88' lang='lat' dir='ltr'><strong>quarta</strong></span> <span class='ocrx_word' id='word_1_19' title='bbox 631 414 737 499; x_wconf 91' lang='lat' dir='ltr'><strong>parte</strong></span> <span class='ocrx_word' id='word_1_20' title='bbox 763 404 944 494; x_wconf 84' lang='lat' dir='ltr'>diametri,</span> <span class='ocrx_word' id='word_1_21' title='bbox 969 406 1110 503; x_wconf 88' lang='lat' dir='ltr'><strong>aequnle</strong></span> <span class='ocrx_word' id='word_1_22' title='bbox 1150 404 1265 507; x_wconf 52' lang='lat' dir='ltr'><strong>„J-</strong></span> 
     </span>
     <span class='ocr_line' id='line_1_6' title="bbox 87 509 1110 616; baseline 0.012 -33"><span class='ocrx_word' id='word_1_23' title='bbox 87 509 122 582; x_wconf 79' lang='lat' dir='ltr'><strong>rit</strong></span> <span class='ocrx_word' id='word_1_24' title='bbox 142 515 240 587; x_wconf 88' lang='lat' dir='ltr'><strong>arcui</strong></span> <span class='ocrx_word' id='word_1_25' title='bbox 266 515 495 610; x_wconf 77' lang='lat' dir='ltr'><strong>quadrantis,</strong></span> <span class='ocrx_word' id='word_1_26' title='bbox 529 528 659 590; x_wconf 91' lang='lat' dir='ltr'><strong>contra</strong></span> <span class='ocrx_word' id='word_1_27' title='bbox 687 518 972 593; x_wconf 75' lang='lat' dir='ltr'><strong>Archimedemz</strong></span> <span class='ocrx_word' id='word_1_28' title='bbox 1009 519 1110 616; x_wconf 87' lang='lat' dir='ltr'><strong>quod</strong></span> 
     </span>
     <span class='ocr_line' id='line_1_7' title="bbox 0 627 1108 725; baseline 0.005 -26"><span class='ocrx_word' id='word_1_29' title='bbox 0 653 1 700; x_wconf 68' lang='lat' dir='ltr'><strong>r</strong></span> <span class='ocrx_word' id='word_1_30' title='bbox 85 645 189 699; x_wconf 80' lang='lat' dir='ltr'><strong>arcum</strong></span> <span class='ocrx_word' id='word_1_31' title='bbox 221 627 283 700; x_wconf 83' lang='lat' dir='ltr'><strong>vel</strong></span> <span class='ocrx_word' id='word_1_32' title='bbox 317 628 493 725; x_wconf 83' lang='lat' dir='ltr'><strong>angulum</strong></span> <span class='ocrx_word' id='word_1_33' title='bbox 523 628 656 703; x_wconf 85' lang='lat' dir='ltr'><strong>dividis</strong></span> <span class='ocrx_word' id='word_1_34' title='bbox 685 630 932 706; x_wconf 87' lang='lat' dir='ltr'><strong>iurationem</strong></span> <span class='ocrx_word' id='word_1_35' title='bbox 959 632 1108 706; x_wconf 83' lang='lat' dir='ltr'><strong>datam:</strong></span> 
     </span>
     <span class='ocr_line' id='line_1_8' title="bbox 84 739 1109 838; baseline 0.005 -24.546"><span class='ocrx_word' id='word_1_36' title='bbox 84 739 162 833; x_wconf 86' lang='lat' dir='ltr'><strong>qnod</strong></span> <span class='ocrx_word' id='word_1_37' title='bbox 178 751 347 815; x_wconf 82' lang='lat' dir='ltr'><strong>centrum</strong></span> <span class='ocrx_word' id='word_1_38' title='bbox 370 743 564 838; x_wconf 85' lang='lat' dir='ltr'><strong>gravitatis</strong></span> <span class='ocrx_word' id='word_1_39' title='bbox 590 742 811 817; x_wconf 85' lang='lat' dir='ltr'><strong>semicirculi</strong></span> <span class='ocrx_word' id='word_1_40' title='bbox 833 756 980 817; x_wconf 91' lang='lat' dir='ltr'><strong>tantum</strong></span> <span class='ocrx_word' id='word_1_41' title='bbox 998 745 1109 820; x_wconf 86' lang='lat' dir='ltr'><strong>distat</strong></span> 
     </span>
     <span class='ocr_line' id='line_1_9' title="bbox 0 851 1109 954; baseline 0.011 -34"><span class='ocrx_word' id='word_1_42' title='bbox 0 851 1 920; x_wconf 83' lang='lat'><em>3</em></span> <span class='ocrx_word' id='word_1_43' title='bbox 83 866 234 928; x_wconf 86' lang='lat' dir='ltr'><strong>acentro</strong></span> <span class='ocrx_word' id='word_1_44' title='bbox 252 855 394 945; x_wconf 91' lang='lat' dir='ltr'><strong>circuli,</strong></span> <span class='ocrx_word' id='word_1_45' title='bbox 411 866 551 952; x_wconf 88' lang='lat' dir='ltr'><strong>quanta</strong></span> <span class='ocrx_word' id='word_1_46' title='bbox 575 868 632 929; x_wconf 91' lang='lat' dir='ltr'><strong>est</strong></span> <span class='ocrx_word' id='word_1_47' title='bbox 644 853 792 948; x_wconf 54' lang='lat' dir='ltr'><strong>ffarcus</strong></span> <span class='ocrx_word' id='word_1_48' title='bbox 809 857 972 954; x_wconf 85' lang='lat' dir='ltr'><strong>ejusdem</strong></span> <span class='ocrx_word' id='word_1_49' title='bbox 1001 859 1109 932; x_wconf 90' lang='lat' dir='ltr'><strong>semi-</strong></span> 
     </span>
     <span class='ocr_line' id='line_1_10' title="bbox 0 963 1109 1067; baseline 0.011 -33"><span class='ocrx_word' id='word_1_50' title='bbox 0 1018 1 1034; x_wconf 64' lang='grc'>,</span> <span class='ocrx_word' id='word_1_51' title='bbox 83 963 212 1040; x_wconf 85' lang='lat' dir='ltr'><strong>circuli:</strong></span> <span class='ocrx_word' id='word_1_52' title='bbox 232 991 357 1042; x_wconf 87' lang='lat' dir='ltr'><strong>noune</strong></span> <span class='ocrx_word' id='word_1_53' title='bbox 372 969 455 1042; x_wconf 84' lang='lat' dir='ltr'><strong>haec</strong></span> <span class='ocrx_word' id='word_1_54' title='bbox 471 981 537 1044; x_wconf 89' lang='lat' dir='ltr'><strong>tua</strong></span> <span class='ocrx_word' id='word_1_55' title='bbox 553 983 592 1043; x_wconf 89' lang='lat' dir='ltr'><strong>et</strong></span> <span class='ocrx_word' id='word_1_56' title='bbox 606 969 803 1044; x_wconf 91' lang='lat' dir='ltr'><strong>Hobbiana</strong></span> <span class='ocrx_word' id='word_1_57' title='bbox 818 971 1006 1067; x_wconf 88' lang='lat' dir='ltr'><strong>paradoxa</strong></span> <span class='ocrx_word' id='word_1_58' title='bbox 1022 984 1109 1046; x_wconf 88' lang='lat' dir='ltr'><strong>sunt</strong></span> 
     </span>
     <span class='ocr_line' id='line_1_11' title="bbox 0 1081 316 1173; baseline 0.016 -22"><span class='ocrx_word' id='word_1_59' title='bbox 0 1082 1 1087; x_wconf 76' lang='grc'>’</span> <span class='ocrx_word' id='word_1_60' title='bbox 80 1081 316 1173; x_wconf 82' lang='lat' dir='ltr'><strong>geometrica?</strong></span> 
     </span>
    </p>

    <p class='ocr_par' dir='ltr' id='par_1_5' title="bbox 0 1194 1107 1634">
     <span class='ocr_line' id='line_1_12' title="bbox 116 1194 1107 1296; baseline 0.007 -30"><span class='ocrx_word' id='word_1_61' title='bbox 116 1194 161 1268; x_wconf 85' lang='grc' dir='ltr'><strong>Α.</strong></span> <span class='ocrx_word' id='word_1_62' title='bbox 187 1194 285 1269; x_wconf 88' lang='lat' dir='ltr'><strong>Sunt</strong></span> <span class='ocrx_word' id='word_1_63' title='bbox 302 1195 453 1293; x_wconf 89' lang='lat' dir='ltr'><strong>quidem</strong></span> <span class='ocrx_word' id='word_1_64' title='bbox 465 1196 676 1293; x_wconf 82' lang='lat' dir='ltr'><strong>paradoxa3</strong></span> <span class='ocrx_word' id='word_1_65' title='bbox 703 1198 795 1271; x_wconf 92' lang='lat' dir='ltr'><strong>nihil</strong></span> <span class='ocrx_word' id='word_1_66' title='bbox 808 1212 933 1273; x_wconf 86' lang='lat' dir='ltr'><strong>tamen</strong></span> <span class='ocrx_word' id='word_1_67' title='bbox 950 1199 1107 1296; x_wconf 92' lang='lat' dir='ltr'><strong>impedit</strong></span> 
     </span>
     <span class='ocr_line' id='line_1_13' title="bbox 80 1309 1107 1409; baseline 0.007 -30"><span class='ocrx_word' id='word_1_68' title='bbox 80 1309 274 1400; x_wconf 88' lang='lat' dir='ltr'><strong>quominus</strong></span> <span class='ocrx_word' id='word_1_69' title='bbox 291 1332 381 1382; x_wconf 84' lang='lat' dir='ltr'><strong>vera</strong></span> <span class='ocrx_word' id='word_1_70' title='bbox 397 1309 482 1383; x_wconf 87' lang='lat' dir='ltr'><strong>sint.</strong></span> <span class='ocrx_word' id='word_1_71' title='bbox 534 1310 583 1383; x_wconf 91' lang='lat' dir='ltr'><strong>Et</strong></span> <span class='ocrx_word' id='word_1_72' title='bbox 599 1309 754 1385; x_wconf 88' lang='lat' dir='ltr'><strong>fortasse</strong></span> <span class='ocrx_word' id='word_1_73' title='bbox 772 1311 811 1385; x_wconf 93' lang='lat' dir='ltr'><strong>in</strong></span> <span class='ocrx_word' id='word_1_74' title='bbox 840 1313 961 1401; x_wconf 90' lang='lat' dir='ltr'><strong>rebus,</strong></span> <span class='ocrx_word' id='word_1_75' title='bbox 980 1313 1107 1409; x_wconf 88' lang='lat' dir='ltr'><strong>quales</strong></span> 
     </span>
     <span class='ocr_line' id='line_1_14' title="bbox 0 1422 1107 1521; baseline 0.005 -26"><span class='ocrx_word' id='word_1_76' title='bbox 0 1448 1 1460; x_wconf 57' lang='lat'>¹</span> <span class='ocrx_word' id='word_1_77' title='bbox 79 1434 147 1495; x_wconf 85' lang='lat' dir='ltr'><strong>sunt</strong></span> <span class='ocrx_word' id='word_1_78' title='bbox 161 1423 230 1511; x_wconf 84' lang='lat' dir='ltr'><strong>lrae,</strong></span> <span class='ocrx_word' id='word_1_79' title='bbox 252 1422 514 1520; x_wconf 81' lang='lat' dir='ltr'><strong>speculationis</strong></span> <span class='ocrx_word' id='word_1_80' title='bbox 527 1423 717 1520; x_wconf 89' lang='lat' dir='ltr'><strong>aliquanto</strong></span> <span class='ocrx_word' id='word_1_81' title='bbox 730 1424 990 1521; x_wconf 83' lang='lat' dir='ltr'><strong>profundioris,</strong></span> <span class='ocrx_word' id='word_1_82' title='bbox 1014 1428 1107 1500; x_wconf 90' lang='lat' dir='ltr'><strong>nihil</strong></span> 
     </span>
     <span class='ocr_line' id='line_1_15' title="bbox 0 1534 851 1634; baseline -0.004 -19"><span class='ocrx_word' id='word_1_83' title='bbox 0 1534 1 1615; x_wconf 62' lang='grc' dir='ltr'>ἶ</span> <span class='ocrx_word' id='word_1_84' title='bbox 78 1542 139 1607; x_wconf 84' lang='lat' dir='ltr'><strong>tum</strong></span> <span class='ocrx_word' id='word_1_85' title='bbox 152 1535 384 1633; x_wconf 85' lang='lat' dir='ltr'><strong>parodoxnm</strong></span> <span class='ocrx_word' id='word_1_86' title='bbox 402 1549 460 1610; x_wconf 91' lang='lat' dir='ltr'><strong>est</strong></span> <span class='ocrx_word' id='word_1_87' title='bbox 477 1560 588 1633; x_wconf 90' lang='lat' dir='ltr'><strong>quam</strong></span> <span class='ocrx_word' id='word_1_88' title='bbox 606 1538 687 1634; x_wconf 90' lang='lat' dir='ltr'><strong>ipsa</strong></span> <span class='ocrx_word' id='word_1_89' title='bbox 703 1538 851 1612; x_wconf 89' lang='lat' dir='ltr'><strong>veritas.</strong></span> 
     </span>
    </p>

    <p class='ocr_par' dir='ltr' id='par_1_6' title="bbox 115 1648 1105 1749">
     <span class='ocr_line' id='line_1_16' title="bbox 115 1648 1105 1749; baseline 0.002 -27"><span class='ocrx_word' id='word_1_90' title='bbox 115 1648 160 1722; x_wconf 91' lang='lat' dir='ltr'><strong>B.</strong></span> <span class='ocrx_word' id='word_1_91' title='bbox 186 1649 419 1725; x_wconf 87' lang='lat' dir='ltr'><strong>Paradoxnm</strong></span> <span class='ocrx_word' id='word_1_92' title='bbox 437 1675 583 1748; x_wconf 87' lang='lat' dir='ltr'><strong>qnoque</strong></span> <span class='ocrx_word' id='word_1_93' title='bbox 600 1664 668 1741; x_wconf 91' lang='lat' dir='ltr'><strong>est,</strong></span> <span class='ocrx_word' id='word_1_94' title='bbox 686 1652 785 1749; x_wconf 91' lang='lat' dir='ltr'><strong>qnod</strong></span> <span class='ocrx_word' id='word_1_95' title='bbox 816 1652 983 1749; x_wconf 86' lang='lat' dir='ltr'><strong>regulam</strong></span> <span class='ocrx_word' id='word_1_96' title='bbox 1006 1653 1105 1748; x_wconf 79' lang='lat' dir='ltr'><strong>alge-</strong></span> 
     </span>
    </p>

    <p class='ocr_par' dir='ltr' id='par_1_7' title="bbox 0 1758 1105 2995">
     <span class='ocr_line' id='line_1_17' title="bbox 77 1758 1105 1862; baseline 0.006 -29"><span class='ocrx_word' id='word_1_97' title='bbox 77 1758 148 1851; x_wconf 85' lang='lat' dir='ltr'><strong>brae,</strong></span> <span class='ocrx_word' id='word_1_98' title='bbox 182 1762 221 1837; x_wconf 91' lang='lat' dir='ltr'><strong>id</strong></span> <span class='ocrx_word' id='word_1_99' title='bbox 256 1775 315 1838; x_wconf 85' lang='lat' dir='ltr'><strong>est</strong></span> <span class='ocrx_word' id='word_1_100' title='bbox 351 1764 592 1839; x_wconf 86' lang='lat' dir='ltr'><strong>delicatorum</strong></span> <span class='ocrx_word' id='word_1_101' title='bbox 635 1765 825 1838; x_wconf 91' lang='lat' dir='ltr'><strong>hominum</strong></span> <span class='ocrx_word' id='word_1_102' title='bbox 863 1766 1105 1862; x_wconf 82' lang='lat' dir='ltr'><strong>geometriam</strong></span> 
     </span>
     <span class='ocr_line' id='line_1_18' title="bbox 0 1877 1104 1983; baseline 0.007 -38"><span class='ocrx_word' id='word_1_103' title='bbox 0 1966 1 1983; x_wconf 11' lang='grc' dir='ltr'>χ</span> <span class='ocrx_word' id='word_1_104' title='bbox 78 1883 187 1966; x_wconf 88' lang='lat' dir='ltr'><strong>totam,</strong></span> <span class='ocrx_word' id='word_1_105' title='bbox 203 1877 245 1951; x_wconf 90' lang='lat' dir='ltr'><strong>in</strong></span> <span class='ocrx_word' id='word_1_106' title='bbox 261 1878 391 1975; x_wconf 82' lang='lat' dir='ltr'><strong>figuris</strong></span> <span class='ocrx_word' id='word_1_107' title='bbox 408 1878 618 1952; x_wconf 88' lang='lat' dir='ltr'><strong>curvilineis</strong></span> <span class='ocrx_word' id='word_1_108' title='bbox 630 1902 760 1975; x_wconf 89' lang='lat' dir='ltr'><strong>parum</strong></span> <span class='ocrx_word' id='word_1_109' title='bbox 779 1889 843 1951; x_wconf 86' lang='lat' dir='ltr'><strong>aut</strong></span> <span class='ocrx_word' id='word_1_110' title='bbox 863 1879 956 1953; x_wconf 93' lang='lat' dir='ltr'><strong>nihil</strong></span> <span class='ocrx_word' id='word_1_111' title='bbox 982 1879 1104 1953; x_wconf 86' lang='lat' dir='ltr'><strong>valere</strong></span> 
     </span>
     <span class='ocr_line' id='line_1_19' title="bbox 0 1984 161 2064; baseline 0.006 -2"><span class='ocrx_word' id='word_1_112' title='bbox 0 2008 1 2035; x_wconf 70' lang='lat'>³</span> <span class='ocrx_word' id='word_1_113' title='bbox 77 1984 161 2064; x_wconf 87' lang='lat' dir='ltr'><strong>dicis.</strong></span> 
     </span>
     <span class='ocr_line' id='line_1_20' title="bbox 0 2104 1103 2202; baseline 0.005 -32"><span class='ocrx_word' id='word_1_114' title='bbox 0 2111 1 2170; x_wconf 68' lang='lat' dir='ltr'><strong>l</strong></span> <span class='ocrx_word' id='word_1_115' title='bbox 113 2104 157 2176; x_wconf 83' lang='lat' dir='ltr'><strong>A.</strong></span> <span class='ocrx_word' id='word_1_116' title='bbox 182 2105 228 2178; x_wconf 90' lang='lat' dir='ltr'><strong>ln</strong></span> <span class='ocrx_word' id='word_1_117' title='bbox 246 2104 395 2201; x_wconf 88' lang='lat' dir='ltr'><strong>scriptis</strong></span> <span class='ocrx_word' id='word_1_118' title='bbox 412 2106 647 2202; x_wconf 86' lang='lat' dir='ltr'><strong>geometricis</strong></span> <span class='ocrx_word' id='word_1_119' title='bbox 670 2106 825 2179; x_wconf 89' lang='lat' dir='ltr'><strong>aliorum</strong></span> <span class='ocrx_word' id='word_1_120' title='bbox 852 2104 954 2178; x_wconf 88' lang='lat' dir='ltr'><strong>nulla</strong></span> <span class='ocrx_word' id='word_1_121' title='bbox 983 2104 1103 2177; x_wconf 88' lang='lat' dir='ltr'><strong>credis</strong></span> 
     </span>
     <span class='ocr_line' id='line_1_21' title="bbox 0 2217 1105 2315; baseline 0.001 -26"><span class='ocrx_word' id='word_1_122' title='bbox 0 2249 1 2252; x_wconf 37' lang='lat'>¹</span> <span class='ocrx_word' id='word_1_123' title='bbox 76 2233 138 2289; x_wconf 74' lang='lat' dir='ltr'><strong>csse</strong></span> <span class='ocrx_word' id='word_1_124' title='bbox 162 2217 380 2315; x_wconf 82' lang='lat' dir='ltr'><strong>paradoxa?</strong></span> <span class='ocrx_word' id='word_1_125' title='bbox 432 2218 568 2308; x_wconf 85' lang='lat' dir='ltr'><strong>Prima,</strong></span> <span class='ocrx_word' id='word_1_126' title='bbox 596 2218 731 2292; x_wconf 87' lang='lat' dir='ltr'><strong>lineam</strong></span> <span class='ocrx_word' id='word_1_127' title='bbox 764 2217 998 2291; x_wconf 89' lang='lat' dir='ltr'><strong>latitudinem</strong></span> <span class='ocrx_word' id='word_1_128' title='bbox 1029 2242 1105 2290; x_wconf 91' lang='lat' dir='ltr'><strong>non</strong></span> 
     </span>
     <span class='ocr_line' id='line_1_22' title="bbox 74 2323 1105 2428; baseline 0.005 -29.665"><span class='ocrx_word' id='word_1_129' title='bbox 74 2323 205 2417; x_wconf 85' lang='lat' dir='ltr'><strong>hebere,</strong></span> <span class='ocrx_word' id='word_1_130' title='bbox 218 2341 258 2404; x_wconf 87' lang='lat' dir='ltr'><strong>et</strong></span> <span class='ocrx_word' id='word_1_131' title='bbox 274 2343 399 2405; x_wconf 88' lang='lat' dir='ltr'><strong>tamen</strong></span> <span class='ocrx_word' id='word_1_132' title='bbox 417 2331 504 2406; x_wconf 90' lang='lat' dir='ltr'><strong>duci</strong></span> <span class='ocrx_word' id='word_1_133' title='bbox 529 2330 665 2428; x_wconf 84' lang='lat' dir='ltr'><strong>posse?</strong></span> <span class='ocrx_word' id='word_1_134' title='bbox 728 2331 911 2419; x_wconf 89' lang='lat' dir='ltr'><strong>Secundo,</strong></span> <span class='ocrx_word' id='word_1_135' title='bbox 929 2330 1105 2427; x_wconf 82' lang='lat' dir='ltr'><strong>angulum</strong></span> 
     </span>
     <span class='ocr_line' id='line_1_23' title="bbox 0 2440 1105 2544; baseline -0.002 -26"><span class='ocrx_word' id='word_1_136' title='bbox 0 2449 1 2499; x_wconf 61' lang='lat' dir='ltr'><strong>i</strong></span> <span class='ocrx_word' id='word_1_137' title='bbox 72 2440 208 2535; x_wconf 79' lang='lat' dir='ltr'><strong>planum</strong></span> <span class='ocrx_word' id='word_1_138' title='bbox 224 2466 305 2517; x_wconf 87' lang='lat' dir='ltr'><strong>esse</strong></span> <span class='ocrx_word' id='word_1_139' title='bbox 320 2445 596 2520; x_wconf 87' lang='lat' dir='ltr'><strong>inclinationem</strong></span> <span class='ocrx_word' id='word_1_140' title='bbox 614 2471 724 2544; x_wconf 90' lang='lat' dir='ltr'><strong>quam</strong></span> <span class='ocrx_word' id='word_1_141' title='bbox 742 2446 881 2519; x_wconf 90' lang='lat' dir='ltr'><strong>habent</strong></span> <span class='ocrx_word' id='word_1_142' title='bbox 899 2443 982 2519; x_wconf 85' lang='lat' dir='ltr'><strong>dnae</strong></span> <span class='ocrx_word' id='word_1_143' title='bbox 998 2445 1105 2517; x_wconf 87' lang='lat' dir='ltr'><strong>lineae</strong></span> 
     </span>
     <span class='ocr_line' id='line_1_24' title="bbox 72 2557 1104 2656; baseline -0.001 -27"><span class='ocrx_word' id='word_1_144' title='bbox 72 2567 333 2646; x_wconf 88' lang='lat' dir='ltr'><strong>concurrentes,</strong></span> <span class='ocrx_word' id='word_1_145' title='bbox 353 2557 490 2656; x_wconf 85' lang='lat' dir='ltr'><strong>inipso</strong></span> <span class='ocrx_word' id='word_1_146' title='bbox 512 2571 654 2656; x_wconf 91' lang='lat' dir='ltr'><strong>puncto</strong></span> <span class='ocrx_word' id='word_1_147' title='bbox 686 2557 912 2632; x_wconf 85' lang='lat' dir='ltr'><strong>concursus?</strong></span> <span class='ocrx_word' id='word_1_148' title='bbox 962 2558 1104 2646; x_wconf 84' lang='lat' dir='ltr'><strong>Tertio,</strong></span> 
     </span>
     <span class='ocr_line' id='line_1_25' title="bbox 69 2669 1103 2769; baseline -0.001 -26"><span class='ocrx_word' id='word_1_149' title='bbox 69 2687 163 2762; x_wconf 78' lang='lat' dir='ltr'><strong>posse</strong></span> <span class='ocrx_word' id='word_1_150' title='bbox 179 2669 332 2743; x_wconf 85' lang='lat' dir='ltr'><strong>transiri</strong></span> <span class='ocrx_word' id='word_1_151' title='bbox 349 2672 525 2767; x_wconf 89' lang='lat' dir='ltr'><strong>amajore</strong></span> <span class='ocrx_word' id='word_1_152' title='bbox 541 2671 590 2746; x_wconf 88' lang='lat' dir='ltr'><strong>ad</strong></span> <span class='ocrx_word' id='word_1_153' title='bbox 609 2673 729 2746; x_wconf 87' lang='lat' dir='ltr'><strong>minus</strong></span> <span class='ocrx_word' id='word_1_154' title='bbox 745 2696 812 2769; x_wconf 87' lang='lat' dir='ltr'><strong>per</strong></span> <span class='ocrx_word' id='word_1_155' title='bbox 829 2670 953 2744; x_wconf 89' lang='lat' dir='ltr'><strong>omnia</strong></span> <span class='ocrx_word' id='word_1_156' title='bbox 969 2669 1103 2754; x_wconf 88' lang='lat' dir='ltr'><strong>media,</strong></span> 
     </span>
     <span class='ocr_line' id='line_1_26' title="bbox 68 2783 1103 2882; baseline 0.003 -29"><span class='ocrx_word' id='word_1_157' title='bbox 68 2800 124 2856; x_wconf 90' lang='lat' dir='ltr'><strong>nec</strong></span> <span class='ocrx_word' id='word_1_158' title='bbox 132 2796 260 2858; x_wconf 85' lang='lat' dir='ltr'><strong>tamen</strong></span> <span class='ocrx_word' id='word_1_159' title='bbox 275 2805 342 2880; x_wconf 89' lang='lat' dir='ltr'><strong>per</strong></span> <span class='ocrx_word' id='word_1_160' title='bbox 359 2784 524 2881; x_wconf 83' lang='lat' dir='ltr'><strong>aequale?</strong></span> <span class='ocrx_word' id='word_1_161' title='bbox 561 2785 718 2876; x_wconf 77' lang='lat' dir='ltr'><strong>Quarto,</strong></span> <span class='ocrx_word' id='word_1_162' title='bbox 737 2785 966 2882; x_wconf 88' lang='lat' dir='ltr'><strong>duplicatum</strong></span> <span class='ocrx_word' id='word_1_163' title='bbox 983 2783 1103 2857; x_wconf 86' lang='lat' dir='ltr'><strong>minus</strong></span> 
     </span>
     <span class='ocr_line' id='line_1_27' title="bbox 67 2896 474 2995; baseline -0.002 -25"><span class='ocrx_word' id='word_1_164' title='bbox 67 2916 133 2970; x_wconf 80' lang='lat' dir='ltr'><strong>csse</strong></span> <span class='ocrx_word' id='word_1_165' title='bbox 148 2920 262 2995; x_wconf 89' lang='lat' dir='ltr'><strong>quam</strong></span> <span class='ocrx_word' id='word_1_166' title='bbox 274 2896 474 2994; x_wconf 80' lang='lat' dir='ltr'><strong>simplum?</strong></span> 
     </span>
    </p>

    <p class='ocr_par' dir='ltr' id='par_1_8' title="bbox 104 3008 723 3108">
     <span class='ocr_line' id='line_1_28' title="bbox 104 3008 723 3108; baseline 0.008 -27"><span class='ocrx_word' id='word_1_167' title='bbox 104 3008 150 3085; x_wconf 87' lang='lat' dir='ltr'><strong>B.</strong></span> <span class='ocrx_word' id='word_1_168' title='bbox 178 3011 298 3108; x_wconf 88' lang='lat' dir='ltr'><strong>Cujus</strong></span> <span class='ocrx_word' id='word_1_169' title='bbox 314 3010 387 3085; x_wconf 87' lang='lat' dir='ltr'><strong>hoc</strong></span> <span class='ocrx_word' id='word_1_170' title='bbox 400 3012 449 3086; x_wconf 88' lang='lat' dir='ltr'><strong>sit</strong></span> <span class='ocrx_word' id='word_1_171' title='bbox 465 3035 541 3086; x_wconf 93' lang='lat' dir='ltr'><strong>non</strong></span> <span class='ocrx_word' id='word_1_172' title='bbox 560 3012 723 3086; x_wconf 88' lang='lat' dir='ltr'><strong>memini.</strong></span> 
     </span>
    </p>

    <p class='ocr_par' dir='ltr' id='par_1_9' title="bbox 56 3122 1102 3672">
     <span class='ocr_line' id='line_1_29' title="bbox 103 3122 1101 3199; baseline -0.002 -1"><span class='ocrx_word' id='word_1_173' title='bbox 103 3123 152 3198; x_wconf 81' lang='lat' dir='ltr'><strong>A.</strong></span> <span class='ocrx_word' id='word_1_174' title='bbox 178 3124 317 3198; x_wconf 88' lang='lat' dir='ltr'><strong>Nonne</strong></span> <span class='ocrx_word' id='word_1_175' title='bbox 333 3147 461 3199; x_wconf 88' lang='lat' dir='ltr'><strong>omnes</strong></span> <span class='ocrx_word' id='word_1_176' title='bbox 478 3125 664 3199; x_wconf 88' lang='lat' dir='ltr'><strong>affirmant</strong></span> <span class='ocrx_word' id='word_1_177' title='bbox 676 3126 714 3198; x_wconf 93' lang='lat' dir='ltr'><strong>in</strong></span> <span class='ocrx_word' id='word_1_178' title='bbox 725 3125 870 3199; x_wconf 89' lang='lat' dir='ltr'><strong>ratione</strong></span> <span class='ocrx_word' id='word_1_179' title='bbox 886 3122 1040 3196; x_wconf 89' lang='lat' dir='ltr'><strong>minoris</strong></span> <span class='ocrx_word' id='word_1_180' title='bbox 1053 3124 1101 3196; x_wconf 93' lang='lat' dir='ltr'><strong>ad</strong></span> 
     </span>
     <span class='ocr_line' id='line_1_30' title="bbox 61 3236 1102 3335; baseline -0.001 -24"><span class='ocrx_word' id='word_1_181' title='bbox 61 3239 171 3335; x_wconf 87' lang='lat' dir='ltr'><strong>majus</strong></span> <span class='ocrx_word' id='word_1_182' title='bbox 197 3236 400 3333; x_wconf 88' lang='lat' dir='ltr'><strong>duplicata,</strong></span> <span class='ocrx_word' id='word_1_183' title='bbox 427 3238 586 3335; x_wconf 84' lang='lat' dir='ltr'><strong>exempli</strong></span> <span class='ocrx_word' id='word_1_184' title='bbox 616 3260 739 3326; x_wconf 87' lang='lat' dir='ltr'><strong>causa,</strong></span> <span class='ocrx_word' id='word_1_185' title='bbox 769 3238 809 3310; x_wconf 91' lang='lat' dir='ltr'><strong>in</strong></span> <span class='ocrx_word' id='word_1_186' title='bbox 836 3237 895 3309; x_wconf 91' lang='lat' dir='ltr'><strong>his</strong></span> <span class='ocrx_word' id='word_1_187' title='bbox 925 3237 1102 3310; x_wconf 90' lang='lat' dir='ltr'><strong>continue</strong></span> 
     </span>
     <span class='ocr_line' id='line_1_31' title="bbox 58 3349 1100 3450; baseline -0.004 -24"><span class='ocrx_word' id='word_1_188' title='bbox 58 3349 390 3450; x_wconf 84' lang='lat' dir='ltr'><strong>proportionalibus</strong></span> <span class='ocrx_word' id='word_1_189' title='bbox 412 3360 532 3440; x_wconf 77' lang='lat' dir='ltr'><strong>r‚a,4‚</strong></span> <span class='ocrx_word' id='word_1_190' title='bbox 551 3352 733 3424; x_wconf 89' lang='lat' dir='ltr'><strong>rationem</strong></span> <span class='ocrx_word' id='word_1_191' title='bbox 757 3359 771 3425; x_wconf 91' lang='lat'><em>1</em></span> <span class='ocrx_word' id='word_1_192' title='bbox 803 3349 852 3425; x_wconf 91' lang='lat' dir='ltr'><strong>ad</strong></span> <span class='ocrx_word' id='word_1_193' title='bbox 881 3359 903 3422; x_wconf 80' lang='lat'>4</span> <span class='ocrx_word' id='word_1_194' title='bbox 936 3349 1100 3445; x_wconf 88' lang='lat' dir='ltr'><strong>duplica-</strong></span> 
     </span>
     <span class='ocr_line' id='line_1_32' title="bbox 57 3463 1100 3552; baseline -0.005 -13"><span class='ocrx_word' id='word_1_195' title='bbox 57 3474 128 3539; x_wconf 87' lang='lat' dir='ltr'><strong>tam</strong></span> <span class='ocrx_word' id='word_1_196' title='bbox 161 3486 245 3539; x_wconf 87' lang='lat' dir='ltr'><strong>essc</strong></span> <span class='ocrx_word' id='word_1_197' title='bbox 278 3464 435 3538; x_wconf 89' lang='lat' dir='ltr'><strong>rationis</strong></span> <span class='ocrx_word' id='word_1_198' title='bbox 475 3472 488 3536; x_wconf 90' lang='lat' dir='ltr'><strong>l</strong></span> <span class='ocrx_word' id='word_1_199' title='bbox 520 3463 568 3536; x_wconf 89' lang='lat' dir='ltr'><strong>ad</strong></span> <span class='ocrx_word' id='word_1_200' title='bbox 603 3473 652 3547; x_wconf 79' lang='lat'><strong>2;</strong></span> <span class='ocrx_word' id='word_1_201' title='bbox 688 3464 800 3536; x_wconf 91' lang='lat' dir='ltr'><strong>iidem</strong></span> <span class='ocrx_word' id='word_1_202' title='bbox 842 3475 980 3552; x_wconf 88' lang='lat' dir='ltr'><strong>tamen,</strong></span> <span class='ocrx_word' id='word_1_203' title='bbox 1015 3487 1100 3535; x_wconf 86' lang='lat' dir='ltr'><strong>cnm</strong></span> 
     </span>
     <span class='ocr_line' id='line_1_33' title="bbox 56 3576 1100 3672; baseline -0.004 -21"><span class='ocrx_word' id='word_1_204' title='bbox 56 3576 204 3653; x_wconf 82' lang='lat' dir='ltr'><strong>Euclide</strong></span> <span class='ocrx_word' id='word_1_205' title='bbox 220 3576 354 3669; x_wconf 82' lang='lat' dir='ltr'><strong>(Elem.</strong></span> <span class='ocrx_word' id='word_1_206' title='bbox 371 3601 409 3648; x_wconf 84' lang='lat' dir='ltr'><strong>r.</strong></span> <span class='ocrx_word' id='word_1_207' title='bbox 425 3600 532 3672; x_wconf 74' lang='lat' dir='ltr'><strong>prop,</strong></span> <span class='ocrx_word' id='word_1_208' title='bbox 559 3577 615 3670; x_wconf 88' lang='lat'><strong>8),</strong></span> <span class='ocrx_word' id='word_1_209' title='bbox 645 3577 830 3651; x_wconf 88' lang='lat' dir='ltr'><strong>rationem</strong></span> <span class='ocrx_word' id='word_1_210' title='bbox 859 3587 873 3649; x_wconf 88' lang='lat' dir='ltr'><strong>l</strong></span> <span class='ocrx_word' id='word_1_211' title='bbox 895 3576 943 3649; x_wconf 87' lang='lat' dir='ltr'><strong>ad</strong></span> <span class='ocrx_word' id='word_1_212' title='bbox 961 3585 984 3649; x_wconf 79' lang='lat'><strong>2</strong></span> <span class='ocrx_word' id='word_1_213' title='bbox 1017 3598 1100 3670; x_wconf 87' lang='lat' dir='ltr'><strong>quae</strong></span> 
     </span>
    </p>
   </div>
   <div class='ocr_carea' id='block_1_5' title="bbox 57 3688 1099 4015">
    <p class='ocr_par' dir='ltr' id='par_1_10' title="bbox 57 3688 1099 4015">
     <span class='ocr_line' id='line_1_34' title="bbox 58 3688 1099 3789; baseline 0 -30"><span class='ocrx_word' id='word_1_214' title='bbox 58 3704 110 3759; x_wconf 78' lang='lat' dir='ltr'><strong>cst</strong></span> <span class='ocrx_word' id='word_1_215' title='bbox 132 3690 280 3789; x_wconf 88' lang='lat' dir='ltr'><strong>simpla,</strong></span> <span class='ocrx_word' id='word_1_216' title='bbox 297 3690 475 3787; x_wconf 85' lang='lat' dir='ltr'><strong>majorem</strong></span> <span class='ocrx_word' id='word_1_217' title='bbox 499 3712 580 3763; x_wconf 87' lang='lat' dir='ltr'><strong>esse</strong></span> <span class='ocrx_word' id='word_1_218' title='bbox 607 3713 717 3786; x_wconf 90' lang='lat' dir='ltr'><strong>quam</strong></span> <span class='ocrx_word' id='word_1_219' title='bbox 739 3691 835 3764; x_wconf 85' lang='lat' dir='ltr'><strong>ratio</strong></span> <span class='ocrx_word' id='word_1_220' title='bbox 859 3699 872 3762; x_wconf 88' lang='lat' dir='ltr'><strong>l</strong></span> <span class='ocrx_word' id='word_1_221' title='bbox 899 3688 987 3762; x_wconf 72' lang='lat' dir='ltr'><strong>adt</strong></span> <span class='ocrx_word' id='word_1_222' title='bbox 1016 3712 1099 3782; x_wconf 87' lang='lat' dir='ltr'><strong>quae</strong></span> 
     </span>
     <span class='ocr_line' id='line_1_35' title="bbox 57 3800 340 3898; baseline 0.007 -25"><span class='ocrx_word' id='word_1_223' title='bbox 57 3810 111 3873; x_wconf 80' lang='lat' dir='ltr'><strong>ent</strong></span> <span class='ocrx_word' id='word_1_224' title='bbox 125 3800 340 3898; x_wconf 76' lang='lat' dir='ltr'><strong>duplicata?</strong></span> 
     </span>
     <span class='ocr_line' id='line_1_36' title="bbox 100 3909 676 4015; baseline 0.01 -32"><span class='ocrx_word' id='word_1_225' title='bbox 100 3909 148 3987; x_wconf 87' lang='grc' dir='ltr'><strong>Β.</strong></span> <span class='ocrx_word' id='word_1_226' title='bbox 173 3914 264 3990; x_wconf 90' lang='lat' dir='ltr'><strong>Non</strong></span> <span class='ocrx_word' id='word_1_227' title='bbox 277 3928 365 3991; x_wconf 85' lang='lat' dir='ltr'><strong>suut</strong></span> <span class='ocrx_word' id='word_1_228' title='bbox 380 3916 461 3991; x_wconf 84' lang='lat' dir='ltr'><strong>haec</strong></span> <span class='ocrx_word' id='word_1_229' title='bbox 477 3916 676 4015; x_wconf 87' lang='lat' dir='ltr'><strong>paradoxa.</strong></span> 
     </span>
    </p>
   </div>
   <div class='ocr_carea' id='block_1_6' title="bbox 103 4026 520 4218">
    <p class='ocr_par' dir='ltr' id='par_1_11' title="bbox 103 4026 520 4218">
     <span class='ocr_line' id='line_1_37' title="bbox 103 4026 520 4127; baseline 0.007 -27"><span class='ocrx_word' id='word_1_230' title='bbox 103 4026 151 4101; x_wconf 83' lang='lat' dir='ltr'><strong>A.</strong></span> <span class='ocrx_word' id='word_1_231' title='bbox 177 4028 284 4104; x_wconf 78' lang='lat' dir='ltr'><strong>Quid</strong></span> <span class='ocrx_word' id='word_1_232' title='bbox 300 4053 388 4127; x_wconf 85' lang='lat' dir='ltr'><strong>ergo</strong></span> <span class='ocrx_word' id='word_1_233' title='bbox 405 4030 520 4106; x_wconf 78' lang='lat' dir='ltr'><strong>sunt?</strong></span> 
     </span>
     <span class='ocr_line' id='line_1_38' title="bbox 148 4161 320 4218; baseline -0.012 -2"><span class='ocrx_word' id='word_1_234' title='bbox 148 4164 247 4218; x_wconf 85' lang='lat' dir='ltr'><strong>vor..</strong></span> <span class='ocrx_word' id='word_1_235' title='bbox 264 4161 320 4215; x_wconf 80' lang='lat' dir='ltr'><strong>iv.</strong></span> 
     </span>
    </p>
   </div>
   <div class='ocr_carea' id='block_1_7' title="bbox 0 0 1314 5092">
    <p class='ocr_par' dir='ltr' id='par_1_12' title="bbox 0 0 1314 5092">
     <span class='ocr_line' id='line_1_39' title="bbox 0 0 1314 5092; baseline 0 5"><span class='ocrx_word' id='word_1_236' title='bbox 0 0 1314 5092; x_wconf 95' lang='lat' dir='ltr'><strong> </strong></span> 
     </span>
    </p>
   </div>
  </div>
 </body>
</html>
