2618 5092
613 1476 681 1551 AD
706 1474 986 1552 LECllOREM.

223 1889 384 1973 Qmsems
396 1911 432 1955 es
445 1889 501 1977 qni
515 1888 699 1979 Pinysienm,
714 1891 749 1959 id
767 1898 829 1972 est,
853 1890 1024 1959 seientim
1046 1910 1212 1956 musenim

221 2006 310 2086 lium,
320 2030 386 2073 non
400 2008 434 2074 in
449 2016 483 2077 te
496 2010 570 2097 ipso
583 2009 711 2097 qnaenis,
726 2010 785 2077 sed
798 2009 833 2075 in
846 2009 939 2075 libris
946 2008 1184 2097 magistrorum,
1193 2028 1233 2073 ea*

221 2127 282 2194 tibi
297 2138 403 2196 estne
417 2138 477 2197 out
495 2152 612 2218 porum
634 2131 807 2219 intelliges,
821 2139 882 2197 nnt
906 2128 1073 2197 intelleoto
1096 2150 1162 2194 non
1185 2148 1233 2193 ree

218 2254 323 2332 putes.
370 2248 498 2315 Natura
512 2250 620 2315 omnio
634 2272 693 2336 per
705 2249 889 2316 eonllietum
902 2249 974 2337 egit
986 2269 1166 2335 temporum,
1175 2259 1233 2311 mol

217 2367 279 2433 sibi
294 2376 407 2434 mutuo
421 2369 681 2456 imprimentium.
705 2369 824 2457 Itaque
839 2370 872 2434 in
887 2369 1038 2435 conflictu
1053 2369 1190 2433 (luorum
1203 2390 1233 2432 ec

218 2496 288 2554 tom
301 2489 473 2554 fluidorum
487 2513 585 2576 quam
599 2493 761 2571 durorum,
777 2492 804 2557 si
830 2490 994 2577 intelligas
1016 2491 1051 2554 in
1075 2497 1215 2574 utroque

219 2608 324 2693 qualis
337 2608 398 2673 fiat
411 2617 528 2688 motus,
544 2610 578 2674 id
593 2618 653 2690 est,
670 2633 734 2696 quo
748 2610 801 2675 vin
821 2619 856 2676 et
880 2617 1029 2695 quantus,
1054 2610 1097 2673 nd
1125 2606 1233 2693 Physi

217 2730 312 2793 cedes
323 2728 426 2795 lector
441 2752 505 2795 non
520 2731 699 2811 inidoneus,
716 2740 751 2798 et
765 2739 910 2797 motuum
920 2754 1045 2809 censos,
1057 2738 1145 2796 reete
1155 2752 1233 2817 supp

219 2850 360 2914 invenies
385 2850 502 2916 saltem
526 2852 739 2937 probabiles¹
765 2852 927 2920 Gaeterum
952 2850 981 2914 si
1005 2849 1202 2915 dictionibus
1223 2849 1233 2913 i

217 2977 399 3048 contentus,
415 2971 575 3038 videberis
590 2972 651 3039 tibi
677 2972 856 3059 intelligere
880 2992 952 3057 quae
975 2968 1113 3056 intelligi
1137 2991 1203 3034 non
1226 2990 1233 3055 1

215 3097 311 3156 tonte
325 3092 449 3157 errabis
463 3092 577 3180 magis,
594 3101 716 3180 quanto
731 3092 851 3157 rectius
864 3089 1109 3156 mtioeinobere.
1140 3087 1183 3154 In
1195 3089 1233 3153 1st

217 3210 356 3276 sicerum
370 3213 475 3280 multe
489 3223 664 3280 occurrunt
679 3236 748 3299 qun
763 3213 835 3299 oapi
851 3233 915 3276 non
926 3218 1080 3297 possunt:
1099 3210 1233 3296 qualine

217 3332 369 3397 dicuntur
383 3332 424 3396 de
438 3333 657 3401 rnrel'oetione
672 3342 706 3399 et
720 3331 982 3410 eondensntione,
999 3332 1040 3396 de
1054 3330 1233 3397 substantii

216 3449 394 3525 teriolibus‚
411 3452 452 3519 de
467 3454 628 3531 essentiis,
645 3451 760 3520 etalio
773 3451 877 3517 multo
890 3476 897 3516 :
912 3473 984 3537 quae
998 3450 1026 3515 si
1042 3451 1200 3515 conabere
1212 3472 1233 3514 e:

215 3571 321 3636 verbis
335 3569 474 3653 illorum,
491 3572 623 3659 inepte:
648 3574 676 3639 si
691 3572 767 3651 tuis,
784 3571 864 3636 nihil
879 3571 976 3636 dioes.
1023 3569 1105 3635 Haeo
1129 3567 1233 3634 monib

207 3688 330 3773 judico,
347 3693 488 3781 ignosce.
537 3691 633 3759 ane.
