2618 5092
341 637 525 692 cosmo
546 636 739 706 spamam,
752 637 848 690 nuc.
1033 622 1106 687 509

57 827 145 902 ergo
164 816 326 902 utraque
343 805 424 880 haec
441 804 632 903 aequalitas
655 807 708 880 lta
733 798 1108 882 manifeste'demon-
1128 829 1170 870 nn
1185 828 1266 868 cnon

59 929 188 1005 strata,
214 931 260 991 ut
284 943 308 992 a
330 919 478 993 nemine
505 943 668 1017 unquam
695 919 897 993 refellenda
926 918 992 991 sit:
1028 930 1107 990 tum
1148 900 1266 935 *¹—

57 1032 263 1129 propositio
291 1032 370 1128 ipsa
386 1033 518 1130 prima,
535 1045 615 1107 tum
635 1045 834 1131 utrumque
858 1034 937 1129 ejus
954 1031 1112 1104 corolla-

57 1146 154 1218 rium
173 1145 213 1217 in
231 1154 314 1219 tuto
332 1158 429 1221 suut.
481 1143 717 1243 Objectioues
734 1147 814 1242 ejus
827 1156 957 1218 contra
974 1168 1108 1240 propo-

58 1258 232 1331 sitionem
250 1258 448 1332 secundam
475 1259 698 1346 differamus,
716 1271 758 1332 ut
780 1258 828 1331 ad
852 1271 1005 1331 caeteras
1032 1259 1111 1353 ejus

59 1372 289 1468 obJectiones
305 1396 388 1469 quae
413 1373 461 1446 ad
485 1373 597 1469 plana
624 1373 824 1470 pertinent,
848 1371 1025 1447 continue
1053 1394 1108 1442 re-

63 1485 325 1582 spondeamus,

238 1740 280 1769 ff
332 1726 390 1780 An
410 1726 759 1779 PROPOSITIONEM
780 1725 844 1778 111.
920 1730 924 1737 '

69 1877 75 1889 ·
113 1842 255 1917 Contra
271 1842 367 1915 hauc
385 1843 526 1939 objicit,
543 1843 672 1916 falsam
699 1866 777 1916 esse
800 1851 997 1939 propterea
1014 1842 1112 1939 quod

64 1955 189 2031 latam
206 1955 442 2028 contraxerit
465 1979 512 2028 ea
532 1979 650 2053 prop.
669 1956 709 2028 i.-
736 1977 926 2028 asramear
944 1955 1113 2052 quadra-

65 2079 139 2142 tam
158 2068 207 2142 ab
225 2069 296 2144 ΥΟ
313 2067 454 2165 oeqrrale
471 2092 553 2141 erae
569 2068 774 2165 quadranti
792 2068 899 2142 ACB.

115 2182 232 2280 Ile-sp.
276 2182 459 2256 Quoniam
491 2205 579 2278 ergo
610 2183 662 2255 ita
691 2183 790 2255 clare
819 2181 1112 2254 demonstratum

67 2308 136 2384 est,
150 2306 194 2368 ut
214 2295 375 2368 dubitari
392 2294 548 2390 amplius
562 2318 637 2366 nou
655 2295 772 2389 possit
790 2295 878 2391 quin
893 2294 1112 2391 quadratum

66 2409 115 2483 ab
131 2408 205 2485 ΥΩ
233 2408 373 2504 aequale
399 2408 448 2482 sit
465 2406 673 2505 quadranti,
698 2408 901 2506 propositio
926 2408 1005 2481 haec
1029 2432 1113 2479 cum

66 2545 133 2596 sua
149 2521 465 2597 demonstratione
478 2521 580 2594 salva
595 2532 664 2594 est.

335 2797 392 2852 AD
417 2797 765 2850 PROPOSITIONEM
793 2798 850 2850 lv.

120 2926 225 3015 Ruit,
243 2926 375 3023 inquit,
393 2927 595 3024 propositio
619 2926 700 3000 haec
718 2941 850 3022 quarta
873 2950 956 2999 cum
983 2949 1118 3020 praece·

69 3040 194 3127 deute,
213 3063 259 3113 ex
276 3064 349 3136 qua
365 3039 574 3135 dependet;
602 3039 699 3112 sicut
716 3052 755 3111 et
773 3038 1006 3111 corollarium
1027 3039 1117 3132 ejus,

73 3218 78 3227 .
120 3153 352 3250 Respondeo,
371 3176 603 3250 veramergo
621 3176 700 3226 esse
717 3164 796 3226 tum
813 3151 1116 3248 propositionem,

71 3277 150 3339 tum
179 3265 413 3339 corollarium
438 3268 536 3362 ejusr
572 3266 660 3363 quia
682 3265 884 3363 propositio
907 3262 1119 3361 praecedens

72 3390 198 3463 manet
215 3380 445 3454 inconcussa.

352 3617 409 3671 AD
430 3615 779 3693 PROPOSI'l'lONEM
799 3615 838 3668 V.
890 3574 892 3579 V
919 3629 923 3638 ·

124 3745 420 3842 Propositiouem
438 3747 535 3821 hauc
553 3747 732 3843 quintam,
752 3769 886 3842 nempe
903 3745 967 3831 Za,
985 3745 1052 3832 hh,
1066 3744 1121 3832 et,

73 3860 150 3934 sire
167 3860 243 3948 AZ,
260 3859 328 3949 At,
344 3861 410 3947 Aa,
429 3883 507 3934 esse
525 3859 700 3933 continue
716 3858 1022 3956 proportionales,
1037 3881 1122 3929 con·

73 3973 174 4049 cedit
191 3996 271 4047 esse
288 3996 424 4045 veram.

124 4090 368 4165 Corollarium
394 4099 517 4163 autem
544 4101 742 4185 utrumque
771 4098 893 4185 negat.
955 4085 1123 4159 Quorum

73 4204 235 4301 primum
259 4214 328 4293 est,
352 4211 496 4276 rectam
520 4204 593 4277 ΑΟ
609 4202 788 4301 aqualem
814 4222 897 4274 erre
919 4199 1046 4295 dupla>
1064 4200 1119 4271 eb.

76 4349 80 4380 ι
125 4316 364 4390 Manifestum
392 4325 448 4389 est
478 4315 698 4413 quadratum
720 4317 766 4388 ab
784 4312 842 4386 At
866 4311 1017 4409 duplum
1042 4336 1122 4384 esse

75 4429 247 4528 quadrati
274 4430 321 4502 ab
349 4429 416 4517 Ae,
446 4427 504 4501 vel
533 4428 604 4512 ab;
640 4428 704 4502 sed
733 4424 951 4523 quadratum
986 4425 1033 4497 ab
1064 4424 1123 4496 Ab

77 4544 216 4640 aequale
230 4557 285 4616 est
302 4541 483 4639 quadrato
502 4543 547 4616 ab
566 4542 646 4627 ΑΥ.Ι
681 4541 747 4613 Est
761 4551 884 4614 autem
903 4538 1124 4635 quadratum
