2618 5092
279 647 602 702 usrnnnarrcn
622 646 866 699 nonmnnn.
1049 630 1092 696 81

55 817 140 890 inter
165 839 209 889 se
239 816 398 891 habent.
451 816 593 890 Octava
612 814 708 887 sicut
731 825 846 902 sexta,
870 811 1099 886 demonstra·
1139 839 1288 881 nitrosos

54 930 126 1003 bilis
141 941 214 1003 est.
1140 921 1284 1024 „L

94 1043 142 1116 B.
171 1039 377 1118 Quomodo
395 1040 576 1113 rationem
594 1039 772 1135 majorem
789 1036 919 1111 definis
937 1036 1006 1110 tu?

98 1155 145 1229 Α.
174 1154 380 1228 Rationem
411 1153 558 1249 quidem
592 1154 780 1249 majorem,
814 1151 992 1224 rationem
1019 1175 1100 1223 esse

54 1265 131 1342 dico
159 1266 323 1363 majoris
357 1265 612 1340 antecedentis
645 1266 702 1339 cd
732 1266 828 1339 idem
862 1290 1098 1363 consequens,

54 1380 109 1454 sel
138 1379 306 1476 ejusdm
338 1379 593 1453 antecedentis
625 1379 682 1452 ad
713 1403 934 1477 consequens
966 1379 1097 1452 miuus.

56 1493 247 1568 Rationem
271 1503 399 1567 autem
427 1492 600 1566 minorem
625 1516 707 1566 esse
732 1492 916 1566 rationem
947 1491 1098 1564 minoris

56 1606 307 1682 antecedentis
330 1607 388 1680 cd
414 1606 511 1679 idem
527 1630 757 1704 consequens,
775 1606 834 1681 vel
852 1605 1015 1703 ejusdem
1032 1630 1097 1679 an-

57 1721 253 1795 tecedentis
270 1720 321 1794 ad
337 1743 566 1817 consequens
581 1720 711 1816 majus.

106 1833 148 1908 B.
174 1835 375 1908 Accusate.

101 1949 151 2024 A.
177 1950 301 2036 Nona,
320 1947 487 2022 delinitio
504 1973 578 2023 non
596 1959 664 2039 est,
682 1947 748 2022 sed
764 1948 967 2044 propositio
981 1947 1097 2043 gratis

59 2076 251 2160 anumpm,
268 2085 416 2158 nempe,
428 2061 708 2160 proportionem
732 2061 771 2133 in
791 2059 911 2133 tribus
929 2061 1098 2133 terminis

56 2174 292 2274 paucissimis
321 2174 553 2258 consume,-
578 2198 663 2248 cum
693 2187 817 2247 tamen
843 2185 1014 2246 accurate
1043 2172 1097 2247 lo-

61 2289 211 2384 quendo,
229 2289 410 2363 consistat
432 2289 471 2362 in
497 2299 654 2385 quatuor
676 2286 915 2384 paucissimis.
968 2286 1098 2360 Omnis

60 2404 149 2477 enim
165 2403 264 2477 ratio
277 2403 450 2477 consistit
463 2403 501 2476 in
515 2403 657 2477 duobus
675 2400 841 2475 terminis
854 2400 1096 2496 paucissimis,

59 2527 92 2588 et
106 2517 227 2590 omnis
238 2515 430 2613 proportio
440 2515 479 2588 in
491 2515 631 2589 duabus
641 2514 869 2611 paucissimis
879 2513 1094 2587 rationibus.

62 2627 215 2704 Quando
227 2652 317 2702 vero
336 2627 420 2702 duae
437 2629 660 2724 quantitates
678 2626 808 2700 mediae
825 2626 984 2724 aequales
1001 2628 1097 2701 inter

59 2763 93 2814 se
120 2754 220 2832 sunt,
260 2741 303 2815 id
332 2765 409 2815 non
438 2765 631 2815 numerum
674 2741 808 2814 minuit
844 2741 1097 2815 terminorum.

60 2853 237 2928 lllementi
266 2853 378 2949 hujus
406 2855 525 2950 quinti
552 2854 785 2928 definitiones
803 2853 930 2928 decem
947 2854 1099 2952 reliquae

58 2979 236 3042 accuratae
253 2979 354 3041 sunt.

102 3081 151 3154 B.
177 3079 426 3154 Transeamus
460 3104 548 3178 ergo
579 3081 625 3156 ad
653 3081 888 3156 definitiones
917 3082 1099 3157 Elementi

58 3194 158 3269 sexti

102 3307 153 3381 A.
179 3306 279 3381 Sunt
290 3305 376 3395 illae,
394 3321 549 3404 excepta
569 3309 709 3405 quinta,
729 3333 811 3405 quae
828 3318 866 3381 et
883 3307 1012 3380 ultima
1029 3321 1097 3397 est,

58 3443 180 3495 omncs
196 3431 392 3494 accurata.
445 3421 481 3494 N
483 3445 543 3494 am
559 3422 622 3496 illa
639 3423 779 3518 quinta,
793 3445 878 3494 cum
891 3431 929 3494 et
946 3420 1097 3496 demon-

57 3534 162 3608 strari
179 3533 300 3630 possit
316 3545 355 3606 et
368 3533 681 3610 demonstratione
698 3535 875 3633 indigeat,
894 3560 1013 3632 neque
1030 3561 1097 3633 pro

57 3645 282 3737 definitione,
314 3670 434 3743 neque
466 3671 535 3744 pro
563 3648 744 3745 principio
774 3649 1097 3726 demonstrationis

56 3759 183 3834 haberi
200 3759 322 3833 debet.
366 3760 432 3834 Est
448 3772 574 3834 autem
590 3763 692 3846 haeo;
710 3763 813 3836 ratio
825 3788 873 3837 ee
889 3765 1098 3840 rationibus

56 3872 223 3971 componi
240 3870 393 3962 dicitur,
408 3897 487 3945 cum
500 3873 686 3947 rationum
704 3876 932 3972 quantitates
946 3877 1043 3952 inter
1056 3904 1098 3952 se

54 3987 217 4085 aliquam
232 3985 632 4082 ffecmintrctimwm.
1151 3972 1154 3976 ⁵

103 4101 153 4174 B.
181 4099 419 4188 Demonstro,
467 4101 640 4195 quoniam
684 4101 971 4178 demonstrabile
1018 4128 1097 4178 esse

55 4212 190 4303 dixisti,
216 4236 262 4286 ex
285 4213 590 4309 multiplicatione
614 4214 712 4287 inter
737 4238 776 4288 se
799 4217 1096 4291 antecedentium

54 4327 210 4401 duarum
237 4327 435 4416 rationum,
461 4337 567 4401 etex
593 4327 899 4424 multiplicatione
934 4331 1030 4403 inter
1057 4352 1096 4401 se

54 4440 372 4537 consequentium,
403 4441 559 4515 existere
588 4442 750 4538 ipsarum
775 4443 960 4516 rationum
986 4444 1095 4516 unius

52 4552 102 4627 ad
118 4553 274 4629 alteram
291 4552 530 4630 additionem.

151 4688 322 4745 vou.1v.
971 4694 997 4748 c
