2640 5092
233 672 657 731 nnoaonrrorrauruns
678 677 723 730 ru
744 677 928 731 ananau.
1029 667 1103 733 483

55 848 163 913 recto
179 835 399 936 adjacentia,
416 865 501 914 cum
517 841 741 917 subtendens
758 843 822 917 illa
836 866 912 917 non
930 843 979 918 sit
995 843 1103 936 linea,
1138 879 1302 921 arrrunrx.

56 950 127 1026 sed
156 951 342 1027 minutum
368 953 619 1050 triangulum
645 957 750 1053 cujus
772 957 803 1031 si
825 969 1006 1054 punctum
1022 980 1105 1031 ver·
1146 948 1287 983 ”⁶

55 1064 169 1139 tioale
192 1077 429 1163 computetur
456 1091 525 1163 pro
552 1067 680 1159 nihilo,
700 1070 879 1144 terminus
909 1071 1003 1144 alter
1032 1072 1104 1144 erit

58 1179 239 1276 trianguli
256 1179 390 1253 minuti
404 1179 514 1255 basis.

109 1291 208 1366 Cum
233 1293 332 1366 euim
355 1292 440 1367 duae
461 1304 574 1367 reotae
589 1293 667 1384 BA,
685 1295 748 1369 BC
764 1308 943 1392 puuctum
966 1295 1105 1369 habeut

57 1405 297 1478 eommuneB
311 1405 517 1500 quantitate
535 1429 686 1492 careus3
712 1408 743 1481 si
758 1409 803 1481 ab
818 1408 948 1482 eodem
965 1419 1104 1505 puncto

58 1517 268 1593 Bducatur
294 1517 404 1593 tertia
427 1537 530 1592 reeta
548 1519 687 1593 faciens
714 1521 889 1617 angulum
907 1544 1104 1618 quemcun-

59 1655 131 1730 que
149 1654 235 1705 cum
253 1629 321 1704 BA
336 1631 395 1704 vel
413 1631 487 1720 BC,
505 1631 567 1704 illa
590 1633 701 1706 tertia
717 1634 868 1730 propior
886 1635 957 1709 erit
973 1635 1105 1709 utrivis

58 1744 217 1820 duarum
245 1742 323 1832 BA,
351 1741 427 1833 BG,
460 1766 571 1840 quam
600 1743 717 1818 altera
744 1769 871 1819 earum
900 1746 1031 1832 alteri;
1066 1760 1105 1822 et

57 1869 256 1956 propterea
273 1856 424 1930 habebit
446 1857 556 1931 tertia
581 1857 645 1931 illa
669 1882 753 1932 cum
783 1860 922 1934 utravis
939 1861 1104 1957 priorum

56 1970 141 2069 plus
171 1992 282 2067 quam
307 1981 487 2066 puuctum
515 1993 723 2061 commune,
741 1971 779 2045 id
797 1985 854 2046 est
872 1997 1102 2047 communem

55 2093 215 2183 partem.
255 2083 380 2157 Quare
394 2093 468 2156 tres
478 2082 551 2156 illae
562 2096 673 2158 reotae
691 2109 765 2158 una
782 2086 981 2184 eademque
995 2096 1103 2161 eruut

55 2207 172 2272 recta.
210 2195 305 2270 Item
322 2207 474 2291 propter
490 2196 645 2269 eandem
662 2221 823 2287 causam,
837 2210 956 2272 totum
973 2199 1102 2272 circuli

53 2309 210 2409 planum
225 2309 298 2383 erit
314 2308 412 2382 linea
428 2321 541 2383 reeta.
581 2309 692 2384 Quod
709 2311 797 2384 satis
814 2324 871 2385 est
888 2311 1099 2386 absurdum.

106 2421 226 2496 Recta
242 2444 331 2517 ergo
349 2420 572 2495 subtendeus
594 2446 662 2518 pro
687 2422 783 2496 linea
798 2423 925 2497 haberi
942 2448 1015 2497 nou
1033 2449 1100 2521 po·

53 2545 143 2624 test,
168 2534 240 2608 nisi
269 2558 352 2631 quae
374 2534 423 2608 sit
445 2535 647 2630 diagonalis
675 2535 855 2631 quadrati.
908 2537 976 2610 Illa
1002 2538 1100 2611 euim

54 2646 190 2722 dividit
217 2647 394 2745 angulum
427 2659 570 2721 rectum
599 2647 792 2721 bifariam:
827 2648 866 2722 id
897 2649 997 2746 quod
1026 2676 1100 2724 nou

52 2759 147 2836 fucit
180 2759 385 2859 diagonalis
419 2761 624 2858 rectanguli
653 2785 728 2834 non
758 2762 940 2859 quadrati.
992 2764 1100 2838 Unde

53 2896 209 2949 necesse
232 2885 290 2948 est
309 2874 588 2948 numerantibus
606 2872 797 2970 quadrata,
815 2876 917 2972 (quia
933 2876 1100 2951 minutis·

52 2988 142 3062 simi
169 2987 345 3083 trianguli
370 2987 480 3078 basis,
498 2988 818 3085 quantulacunque
844 3013 890 3062 ea
906 2989 965 3078 sit,
983 3015 1100 3085 quau·

51 3100 146 3176 titas
176 3111 301 3175 tamen
335 3102 422 3195 est),
457 3125 569 3176 uuam
603 3113 642 3174 et
669 3101 825 3174 eandem
853 3103 1099 3201 quantitatem

52 3214 191 3313 sepius
206 3237 414 3288 numerare.

106 3325 149 3401 Si
165 3324 324 3424 denique
346 3327 461 3400 cubos
487 3327 586 3424 ipsos
603 3351 671 3424 per
687 3351 859 3401 numeros
878 3329 1098 3426 investigare

52 3439 236 3529 volumus,
270 3439 493 3537 impossibile
527 3440 722 3524 volumus3
757 3441 845 3537 quia
877 3440 1099 3538 quadratum

54 3552 341 3650 multiplicatum
356 3577 423 3649 per
439 3576 633 3626 numerum
650 3553 739 3627 facit
751 3576 895 3651 semper
908 3556 1098 3652 quadrata,

53 3688 215 3765 quorum
231 3664 334 3739 nulla
350 3666 547 3740 multitudo
564 3666 676 3739 faciet
693 3667 840 3741 cubum.

104 3778 228 3854 Causa
244 3802 333 3874 ergo
351 3802 464 3875 quare
487 3778 717 3876 problemata
742 3779 816 3869 illa,
834 3781 1010 3855 metiendi
1028 3783 1097 3855 cir-

55 3892 193 3984 culum,
212 3889 424 3989 duplicandi
440 3891 587 3980 cubum,
602 3890 789 3966 dividendi
808 3894 995 3990 angulum,
1009 3894 1101 3967 divi·

55 4005 170 4082 dendi
186 4005 381 4093 rationem,
392 4014 430 4077 et
446 4004 519 4078 alia
535 4005 652 4078 multa
669 4005 819 4079 inventa
830 4005 1007 4080 hactenus
1024 4031 1100 4081 non

54 4117 205 4207 fuerim,
216 4116 317 4191 nulla
334 4116 513 4213 assignari
525 4130 648 4213 potest
664 4130 800 4214 praeter
817 4117 902 4191 has:
926 4128 967 4192 1⁰.
989 4118 1100 4194 Quod

53 4231 102 4307 ad
118 4255 165 4306 ea
181 4227 403 4304 invenienda
419 4229 525 4303 abusi
543 4242 630 4302 sunt
643 4230 893 4303 arithmetica:
920 4239 968 4308 2⁰.
987 4232 1099 4306 Quod

53 4367 199 4421 errores
227 4342 463 4438 antiquorum
494 4343 719 4416 recentiores
754 4343 906 4416 nimium
934 4345 1098 4418 venerati

52 4468 153 4535 sunt.
205 4465 255 4532 3⁰.
283 4455 393 4532 Quod
410 4457 473 4554 qui
490 4480 632 4531 errores
648 4457 731 4530 illos
752 4456 875 4530 conati
893 4469 980 4530 sunt
997 4457 1098 4532 dete-

922 4593 997 4645 ιη
