2640 5092
320 653 599 707 naonnnuara
619 653 815 706 onustes.
1016 639 1088 708 ³09

38 834 197 920 propter
214 821 324 912 diem,
344 822 477 896 deinde
503 832 645 895 motum
671 822 709 896 in
736 821 907 919 ecliptica
935 833 1089 918 propter
1152 849 1220 892 cm.
1236 849 1257 890 ι.

40 958 194 1027 aunum,
211 949 254 1010 ut
271 935 414 1009 dandus
436 937 484 1010 sit
507 935 560 1009 illi
588 936 699 1009 etiam
725 959 842 1008 novus
872 935 933 1008 hic
964 947 1088 1008 motus
1115 917 1274 1038 Μ

42 1073 166 1147 neque
184 1061 320 1137 rectus,
338 1072 457 1146 neque
474 1049 621 1145 proprie
639 1048 824 1146 loquendo
842 1047 1059 1121 circularis?

91 1162 143 1236 B.
172 1161 259 1235 Non
283 1162 354 1235 hoc
376 1162 494 1235 videri
516 1162 584 1235 tibi
610 1185 746 1235 novum
777 1160 898 1250 debet,
927 1161 991 1258 qui
1018 1162 1090 1235 scis

42 1275 144 1373 quod
180 1298 312 1372 corpus
339 1298 447 1348 omne
477 1285 534 1348 tot
563 1286 684 1347 motus
711 1275 819 1347 simul
847 1274 969 1363 habet,
999 1286 1090 1370 quot
1211 1324 1215 1355 2

42 1400 131 1463 sunt
163 1401 269 1463 extra
298 1389 419 1485 ipsum
446 1411 604 1484 corpora
632 1389 804 1485 agentia:
836 1400 1089 1477 veruntamen,

40 1501 79 1574 in
96 1524 216 1574 uuum
233 1515 376 1574 motum
393 1501 628 1596 compositos.
686 1501 784 1574 Nam
804 1501 874 1574 etsi
891 1501 1090 1574 multarum

38 1614 206 1712 partium
240 1613 404 1710 corporis
438 1613 546 1686 unius
576 1613 682 1686 multi
710 1613 784 1687 sint
811 1625 946 1701 motus,
974 1614 1090 1687 totius

38 1740 169 1802 tumen
182 1750 278 1800 unus
291 1741 346 1800 est
359 1737 490 1800 motus.
524 1726 658 1799 Nonne
672 1727 735 1823 qui
750 1728 912 1822 navigat,
923 1737 1092 1800 movetur

38 1841 155 1915 simul
172 1864 257 1915 cum
275 1864 388 1913 navet
415 1851 452 1913 et
479 1841 633 1927 interea,
663 1863 957 1935 quaquaversum
981 1861 1092 1935 super

37 1954 212 2028 tabulata
228 1953 404 2041 ambulat,
423 1952 592 2026 manibus
609 1954 710 2027 varie
732 1953 892 2050 jactatis,
913 1951 1092 2048 sanguine

38 2089 110 2164 per
144 2089 268 2154 venas,
303 2065 491 2160 spiritibus
525 2088 592 2162 per
622 2089 754 2138 nervos
789 2066 1091 2154 discurrentibus,

40 2178 280 2277 pulmonibus
321 2179 410 2252 dum
452 2179 579 2275 spirat,
621 2179 748 2276 lingua
785 2191 823 2252 et
854 2179 966 2252 labris
1002 2178 1092 2251 dum

41 2292 220 2390 loquitur,
238 2292 436 2388 inquietis?
489 2292 684 2389 Multiplex
703 2316 791 2389 ergo
811 2292 952 2366 telluris
969 2304 1092 2367 motus

42 2430 103 2480 res
122 2406 191 2480 tibi
209 2429 306 2479 nova
322 2427 400 2478 esse
418 2429 493 2478 non
511 2417 645 2502 potest.
689 2406 801 2481 Quod
817 2418 941 2480 autem
958 2406 1093 2480 attinet

42 2519 231 2616 adipsum
254 2519 354 2591 hunc
370 2531 512 2590 motum
530 2541 640 2613 quem
664 2542 749 2591 cum
775 2530 878 2592 motu
903 2519 1017 2615 pelvis
1034 2518 1093 2592 rel

43 2633 158 2706 cribri
182 2654 367 2727 comparo,
395 2655 618 2727 quamquam
647 2631 897 2706 familiaritate
926 2631 1091 2729 despica-

42 2745 128 2818 bilis
154 2745 214 2833 sit,
245 2768 318 2816 non
347 2755 472 2817 tamen
501 2745 548 2817 ob
579 2768 660 2817 eam
691 2769 769 2819 rem
799 2746 1009 2841 negandum
1035 2757 1092 2820 est

43 2859 136 2956 quin
159 2858 224 2931 tali
252 2871 354 2930 motu
384 2868 517 2930 natura
543 2858 598 2930 uti
629 2858 756 2953 possit.
823 2858 880 2932 illi
907 2883 996 2932 vero
1027 2860 1091 2955 qui

43 2971 334 3068 suppositionem
352 2971 448 3043 hauc
470 2983 735 3066 aspernantur:
763 2996 846 3045 cum
865 2996 1036 3045 ascensus
1054 2985 1092 3046 et

44 3083 244 3157 descensus
261 3083 334 3156 sint
352 3094 484 3171 motuS,
504 3094 542 3156 et
564 3083 654 3156 nihil
672 3085 788 3180 possit
806 3085 953 3158 initium
971 3097 1091 3159 motus

44 3198 298 3294 cujuscunque
316 3195 403 3268 dare
421 3196 491 3268 sibi
508 3195 590 3291 ipsi,
601 3209 640 3270 et
653 3220 719 3293 per
736 3221 964 3293 consequens
982 3222 1093 3273 causa

44 3309 241 3407 gravitatis
258 3309 306 3382 sit
321 3307 527 3381 necessario
546 3320 667 3382 motus
679 3309 833 3405 uliquis:
852 3308 916 3396 illi,
928 3310 1092 3406 inquam,

43 3436 188 3497 motum
207 3421 320 3494 alium
338 3421 525 3517 assignare
543 3420 692 3511 debent,
710 3434 747 3496 et
770 3446 916 3496 causam
940 3423 1092 3497 descen-

44 3535 161 3608 sionis
178 3533 346 3629 gravium
362 3533 449 3606 inde
468 3533 732 3607 demonstrare.
785 3535 829 3608 Id
856 3536 955 3632 quod
983 3562 1092 3611 nemo

45 3648 227 3721 hactenus
243 3644 343 3718 fecit.
396 3645 591 3731 Caeterum,
611 3670 696 3718 cum
714 3647 830 3720 multa
853 3648 925 3721 alia
940 3650 1093 3745 pbaeno-

46 3784 156 3833 mena
175 3772 310 3855 praeter
326 3759 544 3854 gravitatem
562 3782 628 3854 per
649 3760 747 3833 hunc
765 3775 905 3834 motum
933 3763 1093 3859 explica-

45 3874 177 3960 verim,
192 3871 435 3945 hnmilitatem
455 3872 624 3968 exempli,
638 3872 762 3961 credo,
775 3897 850 3946 non
868 3887 1091 3949 contemnes.

48 3984 237 4082 Siquidem
256 3999 381 4057 autem
398 4008 485 4057 vera
505 3986 695 4081 gravitatis
714 4011 826 4061 causa
844 3988 1001 4062 fortuito
1024 3989 1093 4063 tibi

47 4098 319 4186 ostenderetur,
335 4121 407 4170 non
427 4097 556 4171 dubito
571 4099 659 4193 quin
678 4123 751 4172 non
769 4103 891 4175 miuus
904 4102 1093 4176 videretur

46 4213 111 4288 tibi
129 4213 365 4310 phantastica
382 4236 426 4283 ea
444 4236 554 4308 quam
571 4213 632 4285 hic
650 4213 846 4309 assignavi.

95 4327 146 4400 Α.
176 4324 252 4398 Sed
272 4324 321 4397 ad
346 4348 437 4420 quas
462 4325 545 4397 coeli
570 4341 694 4422 partes
724 4339 889 4423 spectare
917 4327 1092 4422 supponis

47 4455 169 4513 motus
187 4438 294 4511 istius
311 4440 367 4510 tui
383 4439 514 4535 polos?

95 4553 147 4628 B.
177 4552 355 4648 Suppono
368 4576 431 4626 eos
444 4553 593 4626 eosdem
605 4577 684 4627 esse
696 4578 779 4626 cum
791 4553 885 4649 polis
899 4553 1094 4651 eclipticae.
