2618 5092
83 1452 302 1503 CLARISSIMO
325 1452 413 1503 VIRO
434 1451 579 1504 DOMINO
602 1452 792 1514 VERDUSIO,
815 1454 937 1505 NOBILI
959 1454 1161 1517 nomano,

539 1600 707 1696 χαίρειν.

54 1855 284 1929 cinissms
302 1856 507 1945 Vnunusl,
525 1856 633 1930 mitto
659 1857 707 1930 ad
731 1868 767 1930 te
785 1856 948 1930 libellum
971 1879 1100 1929 recens
1124 1854 1198 1929 edi·

53 2002 139 2079 tum,
157 1989 228 2063 tibi
245 1988 306 2078 do,
325 2001 363 2063 et
380 1988 523 2064 dedico.
576 1989 710 2080 Primo,
729 1989 817 2086 quia
832 1988 1056 2086 placiturum
1074 1988 1199 2063 credo.

54 2127 76 2160 “
93 2121 238 2194 Mihine
272 2121 394 2209 tuus'',
428 2121 596 2219 inquies3
633 2122 835 2195 “hominis
860 2121 1072 2195 haeretici?'’
1140 2121 1200 2195 Ne

54 2258 292 2331 tumultuare.
343 2256 446 2330 Nihil
471 2257 532 2330 hic
558 2257 734 2345 invenies,
760 2256 861 2353 quod
886 2280 962 2330 non
979 2257 1097 2352 possis
1122 2257 1201 2330 sine

56 2392 226 2466 scandalo
245 2391 409 2466 ecclesiae
434 2402 509 2466 tuae
526 2393 743 2489 approbare.
795 2390 1017 2480 Geometria,
1035 2391 1067 2465 si
1083 2391 1202 2466 haere·

57 2527 215 2616 timent,
233 2526 452 2600 tantoforte
473 2526 700 2623 probabilior
723 2538 791 2600 est.
844 2527 887 2600 ln
906 2525 1084 2600 doctrinis
1102 2526 1202 2600 enim

57 2684 142 2756 pure
165 2658 352 2747 humanis,
369 2658 463 2732 nihil
489 2670 566 2733 tam
584 2659 817 2734 Catholicum
845 2672 903 2733 est
927 2684 1038 2756 quam
1066 2683 1201 2735 errare.

60 2792 317 2868 Ooudonemus
327 2815 416 2888 ergo
426 2803 569 2883 mutuo,
579 2805 622 2866 ut
635 2793 836 2867 Homerico
848 2793 989 2890 loquar,
1000 2791 1051 2865 σοὶ
1060 2797 1117 2886 μὲν
1126 2791 1202 2892 ἔγω,

61 2931 94 3000 σὺ
111 2929 142 3001 δὲ
159 2927 228 3021 μοὶ,
247 2951 292 3001 ea
309 2951 390 3024 qua·
408 2925 549 3001 diverse
567 2927 762 3003 didicimus
779 2930 818 3002 iu
833 2929 967 3002 Sacris.
1019 2928 1202 3018 Secundo,

62 3064 141 3160 quia
165 3062 357 3159 ingenium
386 3073 491 3134 tuum
514 3061 601 3135 novi
622 3062 791 3152 liberum,
809 3061 1022 3152 candidum,
1039 3076 1202 3136 acutum.

62 3197 260 3286 Postremo,
280 3195 367 3293 quia
383 3195 584 3270 amicitiam
608 3209 776 3270 nostram
800 3195 924 3293 aliquo
950 3195 1062 3270 modo
1080 3196 1204 3293 signa-

64 3341 134 3403 tam
159 3353 240 3404 esse
264 3328 391 3412 volui;
417 3352 487 3403 nec
512 3330 586 3405 alio
611 3330 729 3428 potui.
783 3329 895 3405 Quod
920 3341 997 3404 tam
1021 3329 1149 3426 paucis
1165 3342 1204 3404 te

65 3465 235 3563 alloquar,
260 3464 291 3537 si
317 3463 357 3537 id
382 3488 529 3562 quoque
554 3464 728 3539 amicitiae
754 3464 938 3555 tribueris,
964 3464 1078 3538 facies
1104 3462 1205 3561 quod

67 3623 205 3697 aequum
224 3612 292 3673 est.
344 3598 447 3672 Vale.

320 3780 519 3855 Servorum
537 3794 686 3856 tuorum
704 3780 1055 3878 obsequentissimus

103 3978 266 4037 Jut1660.
759 3956 936 4030 anonis
967 3955 1154 4028 Honnns.
