2618 5092
265 635 589 689 unrnrntrtcn
609 636 856 689 uonrnnnnr.
1041 623 1089 687 33

98 807 149 881 Α.
176 805 351 882 Pronum
367 816 424 878 est
438 803 616 894 oblivisci,
633 828 717 900 quae
733 827 808 878 non
825 803 1020 900 intelligas.
1146 832 1295 874 cretosus

96 917 145 994 Β.
171 919 244 993 Est
260 918 305 992 in
321 917 380 992 bis
396 916 492 991 illius
505 917 627 991 verbis
644 918 745 1014 quod
757 940 832 991 uon
845 917 966 991 miuus
983 940 1106 1015 repre·
1145 913 1288 1018 „L

49 1031 268 1117 benderem,
287 1055 403 1129 quam
419 1055 463 1105 ea
480 1054 563 1127 quae
586 1041 641 1122 tu,
670 1055 881 1128 quanquam
903 1031 942 1104 in
959 1055 1104 1128 geome-

50 1145 133 1221 triae
148 1144 365 1243 professore
382 1145 605 1242 turpissima,
623 1144 734 1220 modo
751 1144 1031 1241 reprehendisti.

101 1258 153 1334 Α.
180 1257 285 1334 Quid
302 1257 395 1332 illud
412 1257 496 1333 est?

101 1371 153 1446 B.
189 1368 300 1444 Oriri
321 1368 459 1444 lincam
483 1394 531 1445 ec
544 1371 661 1466 fluxu
677 1370 825 1469 puncti,
847 1370 1029 1444 traditum
1045 1382 1104 1445 eet

55 1507 126 1558 non
142 1483 280 1582 inepte.

107 1596 158 1672 Α.
185 1597 302 1671 Recte
319 1595 360 1669 id
376 1595 477 1671 dicit.

105 1707 154 1783 Β.
180 1709 241 1784 Au
257 1721 438 1806 punctum
455 1711 550 1785 fluit.

106 1822 157 1898 Α.
185 1821 355 1899 Quidni?

107 1933 157 2009 Β.
184 1933 360 2009 Moretur
376 1957 476 2032 ergo.

105 2047 156 2123 Α.
182 2047 321 2121 Verum
338 2046 443 2121 dicis.

106 2163 157 2239 B.
183 2163 396 2239 Aristotelis
410 2176 481 2255 est,
498 2163 591 2238 nihil
607 2165 747 2237 moveri
764 2176 899 2261 praeter
915 2188 1060 2262 corpus.

105 2274 152 2349 A.
176 2276 316 2352 Verum
333 2276 405 2350 boc
429 2300 586 2374 quoque.
638 2276 724 2350 Nou
743 2279 842 2351 enim
858 2279 987 2376 puncti
1001 2280 1103 2354 nulla

59 2401 113 2464 est
127 2389 331 2487 quantitas,
362 2388 429 2464 scd
455 2389 558 2463 nulle
584 2403 833 2487 computatur.
884 2391 964 2465 Nec
981 2392 1102 2488 ipsum

58 2516 237 2600 punctum
252 2501 360 2592 nibil,
387 2513 452 2577 cut
472 2501 694 2577 indivisibile
714 2517 783 2592 est,
809 2503 875 2578 sed
891 2504 1100 2579 indivisum.

60 2619 188 2714 lteque
203 2617 270 2714 qui
287 2615 418 2689 dicunt
434 2615 606 2690 tellurem
622 2639 700 2689 esse
716 2629 908 2713 puuctum,
933 2642 1009 2692 non
1034 2619 1103 2692 im-

59 2730 204 2829 proprie
221 2729 437 2827 loquuntur,
451 2727 596 2826 quoties
614 2728 661 2803 de
678 2753 722 2803 eo
733 2730 869 2827 egitur,
879 2743 922 2805 ut
935 2731 973 2804 in
987 2744 1104 2805 astro-

59 2844 192 2934 uomin,
221 2842 453 2918 describente
479 2842 615 2916 lineam
641 2856 766 2917 motus
795 2845 920 2919 annui.
972 2845 1103 2942 Neque

59 2956 163 3032 linem
178 2955 341 3031 utitudo
358 2955 461 3031 nulle
484 2967 554 3044 est,
572 2955 637 3030 sed
660 2955 762 3030 nulla
784 2957 1039 3032 consideratur
1064 2959 1102 3031 in

59 3069 385 3145 demonstratione.
436 3068 586 3164 Alioqui
612 3068 837 3166 impossibile
865 3083 975 3160 esset,
1003 3070 1103 3166 quod

59 3183 221 3280 postulet
246 3181 433 3271 Euclides,
463 3181 600 3256 lineam
627 3181 785 3267 ducere;
813 3193 851 3257 et
877 3207 944 3281 per
972 3207 1104 3257 couse-

60 3321 175 3395 quens
191 3307 274 3372 tota
290 3295 429 3393 periret
444 3295 609 3370 Euclidis
624 3297 839 3393 geometria.

106 3410 158 3484 B.
185 3410 315 3484 Recte.
359 3408 505 3506 Neguto
522 3408 621 3483 euim
639 3409 738 3506 quod
753 3411 873 3507 possit
889 3409 975 3484 duci
992 3411 1102 3503 lineo,

59 3546 175 3620 neque
192 3523 233 3596 in
249 3522 347 3597 illius
363 3521 576 3610 Elementis,
596 3544 717 3619 neque
733 3523 773 3596 in
793 3547 1012 3621 quocunque
1030 3526 1102 3600 alio

59 3634 149 3711 libro
160 3634 391 3733 geometrico
404 3633 601 3731 quicquam
615 3645 718 3710 extet
731 3635 984 3712 demonstrati.
1012 3639 1101 3713 Ilsto

59 3773 146 3847 crgo
170 3772 301 3823 verum
332 3747 432 3845 quod
457 3748 518 3822 hic
548 3747 649 3822 dicit
706 3748 838 3824 Certus
867 3763 993 3827 tumen
1020 3775 1102 3827 sum

59 3863 164 3938 aliter
200 3861 358 3936 meuse
395 3861 517 3958 ipsum
561 3884 647 3936 cum
680 3860 884 3937 Elerwlmm
924 3865 1103 3941 scriberet

58 3986 188 4050 contro
205 3973 409 4063 Hobbium,
426 3971 554 4048 eedem
580 3973 766 4048 dicentem
783 4000 866 4073 quae
891 4001 990 4053 nunc
1008 3978 1101 4056 dicis

58 4100 108 4180 tu,
126 4111 240 4186 quem
257 4086 306 4160 ob
323 4086 363 4161 id
378 4087 499 4184 ipsum
515 4089 686 4162 convitiis
703 4102 843 4165 onerat.

103 4199 151 4276 A.
177 4201 301 4276 Tanto
331 4208 389 4274 est
417 4201 585 4297 nequior.
650 4202 724 4276 Sed
750 4208 1100 4301 pergamus-Non

57 4317 173 4389 mim
189 4323 297 4389 recte
312 4323 448 4402 tamen,
465 4338 523 4388 me
537 4314 684 4410 judice,
705 4316 906 4410 diceretur,
936 4323 971 4394 ci
995 4346 1099 4418 mag·

56 4428 237 4505 situdinis
259 4427 494 4527 principium
525 4428 730 4503 diceremus
769 4433 908 4530 (prout
936 4434 998 4506 hic
1028 4433 1101 4506 loci

51 4541 235 4643 principii
258 4564 332 4616 voc
353 4540 501 4618 videtur
525 4541 797 4642 intelligendo)
825 4545 947 4643 ipsam
974 4554 1100 4620 ecten-

147 4677 248 4733 vor..
264 4677 324 4729 tv.
973 4681 1000 4735 u
