2618 5092
17 858 88 903 cn.
102 858 194 901 xxm.

32 929 178 961 ε-Ὓ-ν

17 988 42 1031 lo
50 986 176 1045 quimus-ts

17 1056 74 1097 eet·
82 1051 209 1108 campo-’tn

17 1130 35 1161 a
50 1116 114 1159 radio
122 1114 210 1169 circuli,

221 648 296 715 458
361 660 416 714 nr
437 658 669 715 rnrucrrrrs
689 658 743 715 ιτ
760 656 1133 713 narrocrrrsrrorut

220 830 300 904 AB.
352 828 428 903 Sed
450 839 493 901 ut
512 825 639 919 {wadii
655 824 724 900 ΑΒ
746 824 797 901 ad
821 824 987 901 mediam
1012 818 1087 917 Bd,
1114 820 1168 899 itu¹
1186 820 1257 899 sunt

221 942 296 1015 duo
325 941 525 1030 semiradii,
542 940 583 1014 id
598 952 658 1015 cst
674 939 756 1027 AB,
777 938 828 1015 ad
848 938 1014 1013 medinm
1038 938 1140 1013 inter
1153 936 1214 1013 AB
1226 950 1259 1011 et

222 1056 385 1152 quinque
402 1053 631 1129 semiradios.
681 1054 752 1127 Est
767 1063 893 1129 autem
913 1052 1004 1143 ΒΜ,
1020 1064 1069 1127 nt
1083 1050 1193 1127 modo
1207 1050 1259 1125 de·

221 1180 468 1242 monstratum
488 1180 558 1255 est,
581 1166 706 1241 medis
728 1167 829 1241 inter
845 1166 914 1242 AB
929 1178 971 1241 et
986 1166 1154 1265 quinque
1168 1166 1260 1241 semi·

221 1280 357 1355 radios.
409 1282 506 1355 Sunt
523 1304 613 1378 ergo
627 1278 699 1367 Db,
714 1280 790 1372 Da,
806 1280 889 1372 Dc,
900 1280 992 1372 ΒΜ,
1003 1292 1048 1355 et
1062 1278 1261 1379 quintuplm

221 1392 452 1481 semiradius,
470 1391 647 1467 continue
676 1392 985 1491 proportionales.
1038 1392 1165 1467 Ducta
1186 1412 1260 1487 ergo

222 1506 295 1594 Ad,
313 1520 351 1580 et
366 1506 561 1601 producta,
579 1506 719 1580 incidet
735 1507 775 1581 in
791 1506 859 1581 M:
883 1518 1090 1604 propterea
1106 1504 1204 1602 quod
1216 1516 1261 1578 est

220 1632 265 1693 ut
282 1619 357 1692 ΜΒ
375 1619 424 1692 ad
442 1619 520 1709 BA,
548 1620 602 1693 itu
624 1619 703 1709 BA,
733 1618 772 1692 id
794 1631 852 1693 est
874 1620 957 1709 AD,
978 1618 1031 1693 ad
1048 1618 1125 1694 Dd.
1175 1618 1261 1694 (lno-

221 1732 322 1805 niam
339 1755 430 1828 ergo
448 1731 743 1806 demonstratum
760 1743 829 1821 est,
848 1756 930 1829 cap.
948 1756 1015 1819 xx,
1034 1746 1075 1807 et
1089 1731 1261 1806 defensum

222 1870 304 1942 cap.
322 1846 398 1935 xxi,
417 1860 548 1920 contra
566 1845 794 1941 Hugenium,
813 1846 877 1944 qui
893 1845 1091 1942 problema
1107 1846 1178 1919 hoc
1191 1868 1262 1942 pro·

221 1959 439 2033 fundissime
465 1958 749 2054 contemplatus,
772 1970 811 2033 et
833 1982 880 2032 ex
896 1958 1095 2056 principiis
1116 1959 1263 2033 Euclidis

220 2073 497 2147 accuratissime
510 2071 753 2145 ratiocinatus
770 2083 838 2157 est,
849 2085 992 2145 rectam
1007 2073 1085 2147 ΒΜ
1100 2072 1262 2170 aeqnulem

222 2208 302 2259 esse
315 2186 419 2259 arcui
437 2185 516 2273 BD,
534 2185 763 2282 eandemque
792 2186 904 2259 modo
929 2186 1081 2260 ostendi
1098 2186 1262 2283 aequalem

221 2323 302 2373 esse
320 2299 452 2373 mediae
477 2299 575 2372 inter
599 2299 665 2372 AB
683 2312 720 2373 et
737 2300 899 2396 quinque
916 2299 1093 2373 semisses
1111 2298 1261 2395 ejusdem

220 2415 301 2503 AB,
321 2414 497 2511 sequitur,
516 2426 711 2509 propterea
728 2412 827 2509 quod
855 2413 921 2486 AB
951 2426 1011 2486 cst
1037 2413 1164 2486 radius
1187 2435 1261 2507 qua-

222 2528 365 2600 drantis
382 2527 533 2623 aequolis
551 2540 663 2600 rectae
683 2526 769 2613 BM,
789 2537 928 2598 rectam
946 2525 1013 2598 Dd
1034 2549 1118 2599 esse
1135 2524 1261 2598 radium

221 2642 437 2736 quadrantis
455 2641 605 2736 aequalis
623 2638 692 2713 AB
708 2672 717 2724 ;
744 2654 781 2713 et
800 2639 891 2712 duas
909 2640 1063 2735 quintas
1081 2637 1177 2712 radii
1194 2635 1260 2723 AB,

221 2778 354 2849 nempe
372 2754 440 2839 Db,
454 2778 532 2826 esse
551 2754 695 2827 radium
712 2753 928 2850 quadrantis
942 2752 1030 2836 Dd;
1050 2766 1090 2827 et
1105 2753 1260 2848 denique,

222 2879 361 2940 rectam
381 2868 454 2940 ΒΜ
474 2892 554 2941 esse
578 2868 722 2940 radium
750 2865 968 2963 quadrantis
997 2866 1154 2963 aequalis
1170 2864 1260 2962 quin·

219 2981 335 3076 tuplae
353 2981 433 3064 CN,
451 2981 490 3053 id
518 2992 575 3054 est
601 2981 795 3077 quintuplo
819 2979 1032 3053 semirodio.
1089 2980 1196 3054 Unde
1210 3001 1260 3051 ex-

221 3095 342 3189 surgit
375 3095 500 3182 ctiam,
531 3107 671 3166 rectam
706 3094 777 3167 Dd
803 3092 985 3189 aequalem
1018 3117 1103 3167 csse
1138 3093 1261 3166 duabus

222 3208 361 3303 quintis
389 3230 497 3279 arcus
522 3205 601 3279 BD.
654 3206 749 3280 Quae
779 3205 903 3277 omnia
925 3205 1021 3279 vidit
1050 3206 1261 3302 quidemst

221 3320 341 3393 edidit
357 3321 540 3415 Josephus
559 3319 744 3414 Scaliger:
771 3318 837 3390 sed
864 3341 949 3391 cum
981 3340 1059 3391 non
1089 3331 1189 3393 recte
1210 3316 1260 3388 de-

220 3444 473 3519 monstrasset,
497 3433 684 3504 damnavit
706 3431 796 3527 ipse,
819 3431 870 3503 nil
898 3430 1076 3505 dubitans
1104 3432 1152 3505 dc
1175 3430 1260 3528 prin·

221 3545 326 3640 cipiis
336 3546 518 3618 Euclidis:
537 3545 602 3618 scd
615 3558 811 3641 postquam
824 3543 956 3616 fuisset
970 3546 1147 3619 convitiis
1158 3542 1260 3617 Cluvii

220 3658 465 3731 acerbissimis
483 3671 668 3731 oneratus.

271 3770 556 3844 Consideremus
575 3794 674 3843 nunc
692 3768 821 3842 eadem
835 3768 915 3842 haec
933 3768 1170 3845 innumeris.
1209 3767 1261 3842 Ad

222 3882 294 3957 ΒΜ
312 3884 507 3980 adjiciatur
525 3885 588 3956 Me
606 3883 755 3979 aequalis
770 3882 861 3966 PQ;
880 3881 1026 3976 eritque
1045 3883 1107 3955 Ne
1124 3882 1261 3981 aequalis

221 3998 304 4086 OQ,
323 3997 361 4070 id
379 4012 435 4070 est
453 3997 530 4083 GV,
547 3997 586 4069 id
614 4010 670 4069 est
698 3995 818 4068 tertiae
844 3993 941 4089 parti
973 3996 1165 4070 semiradii
1183 3994 1260 4074 BG;

220 4112 378 4185 semissis
396 4124 519 4183 autern
538 4122 650 4183 rectae
669 4109 737 4194 Ne,
751 4109 815 4204 qui
828 4108 877 4180 sit
890 4106 961 4196 Nr,
975 4109 1049 4182 erit
1067 4123 1173 4184 sexta
1189 4131 1262 4206 pars

220 4226 383 4323 ejusdem
402 4225 477 4299 BG.

269 4340 350 4413 Erit
378 4364 467 4435 ergo
489 4336 709 4434 quadratum
727 4361 749 4408 a
767 4334 834 4410 BG
851 4334 992 4431 aequale
1012 4343 1061 4408 36
1082 4335 1260 4433 quadratis

220 4455 267 4527 od
295 4453 362 4526 Nr.
415 4455 482 4526 Est
508 4462 631 4524 autem
663 4461 764 4523 recta
791 4448 859 4521 BN
887 4447 1137 4546 octodecupla
1161 4450 1260 4547 ipsius

221 4568 288 4657 Nr,
316 4582 353 4639 ct
376 4565 531 4665 proinde
559 4564 780 4661 quadratum
809 4564 888 4659 ejus
917 4564 1061 4659 aequale
1092 4575 1163 4640 324
1183 4586 1259 4661 qun-
