2618 5092
228 646 301 713 344
504 658 1000 717 rnonnnusrnnnrston.

54 852 125 894 css.
140 853 182 895 u.
229 826 282 900 sic
299 824 501 915 descendit,
517 826 600 899 fieri
621 849 699 901 non
716 836 842 925 potest
862 827 954 927 quin
973 850 1105 905 mem
1125 838 1211 905 onte
1226 850 1260 903 st

41 921 187 956 κ-ε-ν

37 962 346 1051 ,fiamusque
372 939 420 1013 ad
442 939 673 1036 superficiem
697 948 810 1015 terrie
833 938 1033 1039 propellat,
1049 950 1092 1017 et
1111 962 1261 1017 rums

37 1056 172 1169 mal
181 1072 218 1106 v·
228 1066 329 1125 terro
344 1052 546 1150 repellatur
560 1051 660 1127 idem
675 1074 762 1127 uer:
778 1050 878 1127 unde
888 1066 1022 1129 ventos
1032 1052 1118 1131 lieri
1127 1076 1260 1129 uscue

227 1179 285 1239 est
301 1187 607 1262 quoquoversum,
623 1164 688 1262 qui
703 1164 822 1241 nubes
832 1164 925 1241 olins
939 1166 982 1241 iu
993 1188 1093 1265 quus
1107 1166 1261 1245 incidunt

226 1277 446 1376 propellent.

277 1387 326 1463 A.
351 1392 454 1464 Esto.
507 1388 583 1465 Sed
603 1388 760 1465 nubium
784 1401 910 1467 motus
931 1390 1068 1469 tardus
1089 1390 1262 1491 quomodo

227 1514 359 1578 ventos
376 1503 487 1578 efficit
503 1513 582 1577 tum
597 1502 772 1579 voloces?

279 1615 326 1690 Β.
353 1617 441 1691 Non
463 1615 574 1693 unius
597 1628 665 1691 aut
692 1616 849 1693 duorum
870 1618 1129 1707 nubiumsed
1142 1620 1262 1697 mutu

228 1755 312 1804 rum
337 1729 554 1826 plerumque
576 1740 616 1805 et
641 1754 860 1827 magnorum
885 1732 1044 1809 effectus
1070 1744 1263 1811 estvmtm

228 1867 395 1940 maguus.
448 1843 642 1933 mutereo,
665 1842 767 1919 facto
788 1844 869 1940 jum
888 1856 1014 1938 vento,
1041 1846 1191 1945 cogitur
1209 1868 1263 1921 ser

229 1957 429 2053 saepissime
445 1957 484 2031 in
501 1957 585 2033 locs
607 1957 768 2033 nubibus
790 1959 870 2057 jum
889 1970 979 2035 oute
999 1972 1209 2037 camerato:
1230 1972 1264 2035 et

228 2083 427 2168 propterea
440 2082 637 2146 ventorum
657 2070 714 2147 vis
739 2072 787 2147 cb
814 2072 990 2170 ungtrstiu
1014 2072 1092 2149 loci
1118 2074 1264 2149 maxime

229 2196 397 2282 augetur.

279 2297 329 2370 A.
357 2297 435 2370 Cur
457 2297 595 2371 Auster
623 2297 741 2394 magis
761 2320 873 2395 quum
898 2296 962 2371 ulli
989 2298 1093 2375 venti
1116 2299 1265 2397 plurium

228 2410 377 2485 adfert?
873 2454 876 2461 ·

279 2522 325 2596 B.
353 2523 428 2597 Ubi
455 2523 509 2596 sol
538 2536 595 2597 est
615 2523 904 2620 potentissimus,
926 2526 1107 2599 etmarias
1129 2524 1263 2621 amplis

229 2638 332 2725 simo,
362 2636 402 2709 id
432 2648 500 2725 est,
530 2636 569 2709 in
598 2636 764 2732 partibus
785 2647 895 2712 terrae
921 2637 1113 2734 (respectu
1140 2638 1262 2727 nostri)

228 2748 463 2838 australibus,
482 2749 533 2822 ibi
550 2748 708 2845 plurima
735 2759 792 2822 est
814 2749 853 2821 in
871 2772 955 2824 aere
973 2774 1085 2846 aqua,
1102 2774 1210 2849 quum
1223 2749 1265 2823 sd

229 2885 297 2936 nos
323 2862 468 2936 adferre
496 2861 596 2936 solus
618 2861 756 2935 Auster
781 2871 917 2958 potest.
968 2862 1113 2937 Verum
1141 2864 1264 2938 imbros

228 3000 382 3072 magnos
398 2975 475 3049 vidi
502 2975 613 3049 etiam
640 2973 839 3071 aliquando
862 2985 1014 3050 evento
1039 2976 1194 3068 boreali,
1209 2975 1265 3050 sed

229 3089 267 3163 in
285 3101 432 3164 aestste:
450 3089 502 3163 itu
519 3101 561 3162 ut
578 3089 696 3161 nubes
709 3087 790 3161 illus
803 3087 932 3161 allatos
945 3089 1051 3184 prius
1066 3090 1114 3164 ab
1127 3089 1264 3178 Austro,

229 3215 266 3278 et
282 3202 525 3300 praeterlatus,
542 3215 714 3297 putarem
730 3223 755 3274 o
772 3200 892 3275 Boreo
907 3200 1046 3275 relatus
1064 3226 1162 3278 esse.

280 3318 329 3391 Α.
355 3316 442 3390 Vidi
469 3313 667 3413 aliquando
691 3314 873 3411 navigans
893 3313 1013 3389 undas
1040 3315 1220 3413 ingentes,
1234 3325 1265 3389 et

228 3455 401 3526 magnam
431 3430 543 3504 muris
570 3427 863 3519 concussionem,
886 3451 973 3503 cum
999 3440 1131 3504 tumen
1157 3428 1266 3505 nullus

229 3546 379 3618 omniuo
397 3545 651 3641 perciperetur
666 3552 811 3616 ventus.

278 3656 326 3732 B.
354 3658 455 3733 Quid
472 3669 596 3732 autem
612 3655 723 3753 paulo
740 3653 851 3751 post?

279 3771 325 3844 A.
352 3773 548 3870 Plusquam
565 3770 760 3858 voluimus
777 3768 978 3865 procellam
997 3769 1203 3866 ingentem,
1218 3766 1264 3841 id·

230 3909 302 3983 que
318 3887 417 3959 iutro
434 3887 555 3959 minus
570 3908 680 3982 quam
697 3894 867 3981 quartam
883 3893 1030 3978 partem
1047 3883 1165 3957 horae.

278 3998 326 4074 B.
354 3999 398 4073 ld
425 4010 492 4089 est,
519 4009 652 4072 ventus
681 4008 769 4070 ante
797 3994 980 4084 veniebat,
1014 4007 1105 4092 post
1136 3996 1262 4070 uderut.

228 4113 446 4187 Venientem
480 4124 605 4186 autem
637 4110 827 4207 percipere
860 4132 937 4182 nou
970 4109 1158 4205 potuistis,
1188 4107 1263 4206 quis

228 4240 349 4302 motus
375 4229 470 4300 seris
494 4225 682 4311 tendebat,
699 4234 852 4319 propter
868 4221 1089 4295 descensum
1111 4221 1262 4307 nubium,

228 4339 418 4415 deorsum:
437 4340 499 4435 qui
518 4337 644 4412 serub
661 4359 759 4433 aqua
774 4334 1036 4407 reflectebatur
1053 4359 1210 4426 sursum,
1221 4342 1260 4418 ct,

228 4452 346 4528 donec
372 4453 516 4525 vicinus
551 4460 641 4538 erut,
672 4472 784 4545 supra
813 4447 906 4520 vela.
959 4447 1094 4547 Itaque
1125 4461 1260 4525 ventum

229 4589 303 4639 nou
321 4567 495 4655 sentiens,
514 4589 587 4639 uon
605 4587 683 4638 esse
701 4561 947 4637 existimabas,
