2618 5092
223 614 648 670 naononmouanrnus
668 617 713 668 sn
737 617 918 669 onnnnn.
1021 604 1090 669 481

41 800 176 855 eorum
192 780 414 876 quadratum
432 803 454 853 a
471 782 537 856 DC
554 792 610 856 est
632 791 687 856 16.
752 784 819 856 Est
843 795 967 857 autem
984 793 1028 856 ut
1045 791 1093 855 40
1129 812 1192 852 sin

41 893 88 967 ad
112 901 175 983 16,
193 892 247 967 ita
269 902 312 967 16
331 894 378 967 ad
395 890 461 988 δὲ.
1135 881 1192 903 “·

89 1011 265 1108 Cumque
283 1010 342 1084 Dh
359 1025 509 1085 ostensa
525 1012 574 1085 sit
597 1013 756 1086 semissis
775 1013 891 1086 totius
908 1010 972 1097 Be,
990 1025 1093 1109 pote-

41 1123 90 1197 rit
109 1122 175 1196 Da
193 1124 322 1198 decem
340 1124 560 1219 quadratae
577 1126 727 1200 semisse
745 1126 858 1223 ipsius
877 1124 959 1215 DV,
978 1125 1054 1200 sive
1072 1150 1096 1198 a

41 1247 181 1334 quarta
197 1249 303 1334 parte
320 1235 446 1311 lateris
464 1234 542 1311 Dc,

91 1348 332 1424 Quadratum
359 1374 448 1446 ergo
466 1373 488 1422 a
507 1347 572 1425 DC
589 1350 638 1424 ad
654 1351 877 1448 quadratum
895 1375 918 1424 a
934 1349 995 1424 Dh
1018 1350 1094 1423 sive

41 1460 175 1551 aDM,
193 1474 251 1535 est
266 1475 310 1536 ut
333 1471 375 1536 16
394 1462 442 1536 ad
468 1470 523 1537 10.

90 1575 239 1648 Rursus
253 1585 295 1648 ut
313 1583 356 1649 16
375 1576 422 1650 ad
439 1584 496 1666 10,
514 1577 568 1651 ita
581 1589 636 1650 est
649 1573 717 1667 6-2-
729 1575 777 1661 ad
791 1586 826 1652 4.
855 1576 929 1650 Sed
941 1576 1095 1674 quadra·

41 1698 122 1762 tum
149 1711 173 1760 a
189 1685 257 1761 DF
275 1701 331 1762 est
357 1698 393 1777 4,
412 1713 569 1785 quorum
591 1689 812 1786 quadratum
829 1688 936 1764 a-DO
955 1702 1012 1763 est
1034 1699 1089 1762 16.

41 1801 172 1876 Quare
196 1801 293 1875 latus
316 1802 487 1898 quadrati
510 1810 553 1876 16
573 1815 630 1876 est
654 1801 701 1875 ad
728 1802 824 1875 latus
842 1802 1012 1898 quadrati
1038 1811 1093 1890 10,

41 1931 82 1988 nt
106 1913 207 1987 latus
233 1914 403 2010 quad-rati
421 1912 480 2007 6-2
502 1915 549 1988 ad
566 1915 663 1988 latus
689 1914 859 2010 quadrati
877 1923 912 1988 4.
966 1914 1092 1989 Quare

41 2039 157 2101 rectae
175 2026 252 2117 DC,
271 2026 340 2118 Dh,
357 2028 456 2102 latus
474 2027 645 2127 quadrati
663 2023 743 2120 632,
756 2028 821 2101 DF
837 2038 924 2101 sunt
941 2051 1095 2124 propor-

41 2141 212 2216 tionales.

90 2255 168 2328 Sed
186 2267 376 2328 ostensum
404 2267 461 2329 est
485 2279 566 2330 esse
584 2268 627 2329 ut
644 2254 711 2329 DC
731 2255 779 2328 ad
796 2253 869 2342 Dh,
886 2254 940 2327 ita
957 2254 1028 2326 DX
1047 2253 1095 2326 ad

41 2368 117 2442 DF.
170 2367 285 2441 Latus
302 2391 391 2464 ergo
410 2367 583 2465 quadrati
601 2367 661 2459 6-2-
683 2380 741 2440 est
758 2367 838 2464 ipsa
855 2366 939 2440 DX.

91 2480 268 2576 Sequitur
284 2478 383 2569 hinc,
408 2480 540 2576 primo,
566 2493 707 2554 rectam
735 2481 807 2553 DX
831 2504 911 2553 esse
935 2478 1095 2553 mediam

41 2593 358 2692 proportionalem
384 2594 482 2667 inter
499 2594 580 2684 DC,
600 2607 637 2668 et
655 2594 746 2668 duas
765 2593 912 2689 quintas
929 2593 1096 2690 ejusdem

40 2708 117 2782 DC.
172 2707 405 2782 Quadratum
435 2708 534 2781 enim
559 2731 584 2780 a
600 2707 685 2797 DX,
711 2731 843 2803 nempe
861 2708 933 2781 DX
938 2731 1008 2805 pq,
1039 2717 1099 2778 est

40 2819 125 2895 duae
144 2820 282 2917 quintae
294 2819 471 2916 *quadrati
488 2821 611 2906 aDC;
631 2820 717 2917 quia
731 2829 772 2910 3}
789 2832 846 2893 est
864 2821 993 2917 quinta
1010 2844 1100 2916 pars

43 2942 102 3023 16,
120 2943 158 3006 et
176 2928 235 3024 δὲ
248 2932 332 3006 duae
356 2932 495 3030 quintae
523 2933 690 3028 ejusdem
708 2931 917 3030 quadratio
936 2932 1004 3004 DC
1020 2964 1029 3016 ;
1057 2944 1096 3003 et

40 3056 237 3143 propterea
270 3045 409 3143 aequale
441 3047 661 3143 rectangulo
696 3047 764 3121 sub
788 3045 854 3121 DC
884 3055 922 3118 et
952 3044 1095 3118 duabus

41 3159 179 3257 quintis
197 3157 361 3255 ejusdem
379 3157 457 3233 DC.

44 3328 48 3333 -
88 3272 268 3368 Sequitur
298 3271 473 3361 secundo,
492 3271 594 3369 quod
622 3272 736 3346 ducta
753 3273 824 3346 Ax
846 3282 885 3347 et
910 3270 1096 3367 producta

41 3386 87 3461 ad
119 3407 314 3459 occursum
344 3384 409 3457 BC
433 3386 627 3483 productae
654 3386 693 3458 in
711 3387 741 3474 δ,
760 3396 902 3461 rectam
920 3383 972 3456 Ba
988 3404 1095 3479 posse

42 3507 87 3575 10
105 3497 286 3596 quadrata
303 3521 326 3571 a
342 3497 418 3571 DF.

87 3611 264 3708 Sequitur
281 3608 403 3700 tertio,
422 3622 565 3684 rectam
582 3611 661 3700 DE,
681 3635 765 3707 quae
788 3623 846 3684 est
867 3607 991 3683 media
1007 3630 1100 3703 pro-

41 3723 255 3821 portionalis
280 3723 379 3796 inter
405 3723 472 3797 DC
490 3735 530 3797 et
548 3722 623 3813 DF,
648 3724 809 3809 mediam
836 3744 983 3820 quoque
1015 3744 1096 3793 esse

41 3836 135 3910 inter
152 3835 213 3909 Dlr
231 3847 269 3910 et
284 3835 370 3911 DX.
423 3837 519 3910 Cum
550 3837 649 3908 enim
674 3835 899 3933 quadratum
917 3858 941 3907 a
959 3833 1020 3907 Dd
1046 3835 1096 3904 sit

41 3958 98 4039 10,
117 3973 278 4045 quorum
297 3948 521 4044 quadratum
539 3949 641 4023 aDC
659 3963 716 4024 est
738 3956 794 4038 16,
813 3961 860 4024 et·
873 3946 1096 4043 quadratum

41 4063 143 4138 anu
170 4070 217 4147 83
246 4063 277 4135 si
300 4063 365 4136 fiat
393 4077 437 4139 ut
466 4071 510 4137 10
529 4061 577 4133 ad
602 4069 625 4135 8
649 4060 704 4136 ita
722 4071 745 4135 8
766 4061 814 4134 ad
839 4060 1003 4145 tertium,
1022 4059 1096 4130 erit

41 4175 126 4251 illud
142 4175 295 4250 tertium
306 4173 379 4266 δὲ.
426 4175 539 4252 Unde
557 4186 661 4272 patet
678 4177 791 4251 etiam
809 4176 894 4262 hoo,
910 4175 1093 4246 rationem

41 4289 98 4364 DF
122 4289 172 4363 ad
201 4289 267 4364 DE
294 4312 373 4363 esse
398 4292 449 4368 ad
477 4289 661 4364 rationem
680 4290 746 4364 DF
763 4289 811 4361 ad
829 4288 913 4372 DX,
940 4299 984 4359 ut
1007 4285 1095 4357 sub-

41 4403 221 4502 triplicata
236 4402 285 4476 ad
301 4403 616 4504 subduplicatam,
635 4415 677 4477 ut
696 4400 750 4478 illi
767 4400 996 4501 loquuntur;
1022 4422 1094 4494 ego

131 4538 225 4591 von.
247 4539 303 4591 ιν.
948 4534 991 4586 11
