2618 5092
218 629 292 697 510
492 642 781 703 cuannarurm
800 640 992 709 cincun,

13 834 54 881 cn
68 834 153 877 mor.
164 834 197 878 r.
213 810 262 883 ah
278 810 353 887 ΑΟ
365 808 523 908 duplum
540 809 714 907 quadrati
727 808 777 885 ab
791 810 873 887 AY.
922 810 1030 909 Ergo
1047 808 1271 909 quadratum

28 904 175 939 ψ
213 922 262 997 ab
289 923 363 999 ΑΟ
389 921 638 1021 qnadruplnm
663 932 722 997 est
742 922 916 1021 quadrati
943 924 996 999 ab
1025 920 1087 999 eb.
1145 922 1271 1021 Inque

208 1048 320 1111 recta
336 1036 408 1112 ΑΟ
424 1035 540 1133 dupla
553 1046 611 1111 est
627 1048 743 1111 rectae
754 1034 813 1111 eb.

265 1147 479 1223 Secundum
500 1147 736 1223 corollurium
760 1159 854 1239 erat,
879 1172 1011 1225 mum
1029 1150 1100 1239 Ζπ,
1117 1148 1266 1225 ductam

212 1260 319 1337 radio
335 1260 412 1351 AZ,
428 1262 669 1337 terminatum
686 1262 726 1337 in
744 1263 824 1353 AG,
836 1272 1034 1339 etrectum
1050 1262 1128 1355 Aa,
1145 1286 1265 1339 secare

213 1386 353 1449 rectam
369 1374 439 1449 AO
456 1375 495 1448 in
513 1374 643 1449 eodem
659 1388 812 1472 puncto.

264 1486 384 1561 Miror
398 1487 503 1561 illum
519 1510 599 1561 rem
616 1501 694 1561 tum
711 1486 946 1561 manifestam
964 1486 1093 1562 videre
1110 1511 1186 1562 non
1201 1512 1263 1586 po-

212 1599 340 1673 tuisse.
402 1598 595 1674 Concessit
625 1601 725 1673 enim
751 1599 801 1675 ad
828 1600 1130 1697 propositionem
1159 1602 1262 1691 hanc,

213 1724 336 1785 rectus
360 1711 502 1802 Zc,hL,
515 1711 573 1801 eb,
598 1712 678 1785 sive
704 1712 781 1801 AZ,
795 1710 864 1802 Ab,
878 1714 948 1801 Ae,
977 1736 1060 1787 esse
1091 1714 1260 1789 continue

177 1837 182 1849 '
213 1825 519 1922 proportionales.
569 1824 769 1902 Quomodo
786 1848 876 1923 ergo
892 1824 1021 1901 videre
1037 1850 1116 1901 non
1134 1827 1259 1923 potnit,

214 1936 362 2013 easdem
383 1962 463 2013 esse
484 1939 661 2013 continue
688 1937 986 2036 proportionales
1013 1940 1054 2014 in
1080 1940 1258 2015 rationes

213 2051 263 2124 ad
279 2062 301 2125 4
313 2079 323 2125 z
341 2076 425 2125 cum
435 2051 659 2150 quadratum
675 2053 722 2126 ab
739 2052 804 2126 ΑΖ
821 2052 870 2125 ad
886 2052 1115 2150 quadratum
1126 2053 1175 2127 ab
1186 2052 1259 2141 AY,

213 2162 253 2238 id
269 2176 327 2239 est
343 2164 565 2261 quadratum
581 2166 629 2240 ab
646 2166 705 2239 An
722 2165 771 2241 sd
788 2165 1013 2263 quadratum
1030 2166 1104 2257 Ab,
1121 2167 1172 2241 sit
1186 2176 1256 2242 ut4

212 2277 262 2352 ad
279 2288 315 2367 5,
332 2292 445 2377 atque
462 2281 575 2354 etiam
591 2279 812 2378 quadratum
828 2280 876 2354 ab
894 2278 952 2353 Ab
970 2280 1020 2354 sit
1039 2280 1090 2354 ad
1107 2280 1259 2379 quadra·

212 2404 293 2465 tum
311 2392 377 2466 AL
393 2406 436 2466 ut
453 2403 474 2465 4
494 2392 542 2467 ad
561 2402 596 2482 5,
614 2393 800 2489 quomodo
827 2392 1002 2489 ignorare
1022 2394 1149 2490 potuit
1176 2419 1259 2490 qua-

213 2503 361 2577 dratum
379 2505 426 2578 ab
438 2505 503 2578 AL
516 2506 563 2578 ad
581 2504 805 2601 quadratum
821 2506 868 2577 ab
882 2505 938 2576 Ac
955 2529 1037 2578 esse
1053 2517 1096 2578 ut
1115 2520 1137 2579 4
1156 2507 1204 2580 ad
1221 2516 1258 2579 5:

213 2629 326 2713 atque
348 2617 441 2690 adeo
459 2642 587 2691 omnes
610 2630 730 2691 rectas
748 2617 818 2706 An,
832 2616 901 2706 Ab,
914 2616 989 2709 AL,
1006 2618 1074 2707 Ac,
1089 2619 1174 2710 ΑΟ,
1185 2620 1257 2707 AG,

213 2753 293 2803 esse
311 2731 485 2804 continue
501 2730 809 2828 proportionales,
828 2732 925 2803 sicut
939 2746 979 2804 et
996 2744 1119 2806 rectas
1138 2758 1259 2807 omnes

214 2842 295 2931 CG,
313 2844 395 2932 ΥΟ,
413 2845 476 2934 Zc,
493 2844 561 2932 lan,
579 2843 636 2933 eb,
655 2869 726 2932 mir,
745 2842 824 2931 AC,
843 2842 925 2930 AY,
940 2843 1018 2933 AZ,
1033 2846 1106 2935 Ah,
1120 2847 1201 2932 Am,
1225 2859 1259 2919 et

212 2957 368 3053 proinde
386 2981 513 3030 omnes
526 2958 688 3053 ipsarum
705 2980 813 3029 arcus
831 2970 1021 3030 secaturos
1035 2982 1166 3032 omnes
1183 2983 1261 3055 pur-

213 3069 351 3159 allelaS‚
370 3068 679 3166 quemadmodum
706 3092 814 3141 arcus
832 3067 894 3141 CL
918 3082 1022 3144 secat
1048 3072 1260 3166 parallelum

213 3182 283 3265 YQ
300 3183 338 3256 in
357 3194 458 3256 recta
476 3183 543 3256 AO
561 3181 608 3254 ud
628 3182 666 3268 P,
684 3181 803 3254 velut
825 3205 933 3254 arcus
951 3181 1009 3254 Yb
1027 3196 1131 3258 secat
1146 3186 1258 3282 paral·

212 3294 321 3368 lelum
340 3296 404 3368 CL
420 3296 459 3369 in
477 3295 545 3368 AO
565 3294 613 3367 ad
631 3295 659 3368 d
669 3298 692 3368 3

264 3411 459 3497 Praeterea,
477 3408 662 3505 quomodo
676 3407 802 3481 videre
820 3432 894 3481 non
912 3409 1037 3505 potnit
1050 3411 1153 3507 quod
1169 3412 1260 3487 sicut

212 3522 286 3597 ΑΟ
303 3522 417 3619 dupla
433 3535 489 3596 est
508 3522 563 3612 eb,
581 3523 635 3595 ita
651 3522 706 3595 Ac
724 3520 836 3617 duplo
853 3522 902 3595 sit
919 3546 990 3612 orn,
1008 3538 1048 3595 et
1066 3525 1134 3598 AL
1152 3526 1260 3623 dupla

212 3637 263 3728 kl,
281 3639 494 3735 etproiude
511 3650 652 3735 septem
677 3649 799 3711 rectas
816 3639 896 3729 AC,
915 3640 995 3727 AY,
1014 3641 1090 3732 AZ,
1109 3644 1182 3731 Ah,
1196 3646 1259 3732 Ae,

210 3748 281 3823 Am
307 3774 387 3824 esse
413 3752 589 3825 continue
613 3752 922 3848 proportionales,
940 3766 979 3826 et
1002 3753 1095 3828 dnus
1115 3758 1191 3848 AZ,
1208 3759 1260 3831 Ae

210 3888 289 3939 esse
307 3865 446 3939 medias
472 3866 569 3939 inter
587 3878 706 3939 totam
723 3864 789 3937 AC
810 3877 849 3939 et
865 3867 1055 3941 semissem
1074 3872 1155 3966 ejus
1175 3870 1259 3944 Ale?

211 3978 409 4052 Probatum
428 4002 517 4075 ergo
536 3991 593 4051 est
611 3979 681 4051 hoc
700 3978 783 4050 loco
802 3980 938 4051 cubum
954 3981 1001 4053 ab
1021 3980 1089 4057 AC
1110 3983 1260 4082 duplum

210 4117 291 4166 esse
308 4093 393 4166 cubi
406 4095 453 4166 ab
466 4092 542 4181 AZ,
557 4105 595 4167 et
608 4093 744 4165 cubum
757 4092 805 4164 ab
823 4092 887 4166 ΑΖ
906 4093 1061 4190 duplum
1079 4120 1162 4171 esse
1179 4097 1259 4172 cubi

210 4207 257 4281 ab
274 4206 329 4296 eb,
348 4220 387 4282 et
403 4209 538 4281 cubum
556 4206 666 4281 abed
685 4206 838 4301 duplum
857 4230 938 4280 esse
956 4209 1042 4281 cubi
1060 4210 1109 4284 ab
1128 4211 1202 4285 Ak.

261 4322 390 4417 ltaque
401 4322 667 4419 perfectissime
679 4319 973 4394 demonstratum
985 4335 1045 4396 est
1059 4349 1107 4398 ex
1122 4325 1167 4399 iis
1181 4349 1257 4422 quae

209 4434 270 4508 ille
285 4437 467 4509 concessit
480 4448 518 4509 et
535 4458 663 4509 omnes
680 4434 803 4508 sciunt
815 4458 903 4507 vera
916 4458 1008 4525 esse,
1023 4437 1063 4511 id
1081 4439 1182 4536 quod
1198 4439 1256 4512 de-

209 4561 415 4623 monstrare
432 4550 479 4623 ab
498 4549 603 4624 initio
616 4548 846 4646 propositum
864 4560 956 4622 erat.
