2618 5092
289 652 609 706 marannnmcm
629 652 874 706 aonrnnnu.
1060 642 1103 709 19

58 818 215 893 continui
251 818 298 892 in
328 829 453 915 partes
483 819 654 916 aequales,
686 818 749 892 vix
782 830 906 916 potest
935 819 1103 917 cogitari.
1139 853 1282 898 ommam

58 934 140 1008 Utut
155 943 297 1007 tamen
314 932 387 1005 hoc
410 933 470 1022 sit,
495 933 566 1006 nisi
586 956 760 1007 numerus
787 931 1040 1006 consideretur
1061 945 1104 1008 ut
1141 935 1282 1042 *L

57 1047 100 1120 sie
115 1057 239 1135 onus,
270 1045 431 1119 scientia
455 1045 686 1119 arithmetica
711 1045 789 1119 fere
818 1045 940 1142 periit.
1006 1046 1105 1122 Nam

57 1184 94 1233 ex
132 1159 339 1234 additione
381 1160 566 1234 unitatum
607 1159 839 1233 theoremata
872 1160 1107 1234 arithmetica

58 1272 155 1346 valde
171 1296 313 1371 pauca,
332 1294 379 1346 ex
402 1270 580 1345 divisione
606 1270 771 1345 continui
801 1271 926 1345 omnia
951 1286 1107 1369 possunt

58 1385 316 1460 demonstrari.
360 1384 505 1458 Deinde
532 1384 666 1475 oratio,
694 1408 761 1459 cur
788 1385 950 1481 ponitur,
973 1387 1105 1482 primo,

58 1499 148 1573 inter
166 1496 431 1596 quantitates?
470 1498 531 1570 An
549 1498 637 1593 qnia
658 1497 777 1570 oratio
801 1521 875 1571 una
905 1522 1017 1594 qnam
1033 1499 1107 1572 alia

59 1613 296 1709 longioresse
309 1610 459 1707 potest?
495 1609 620 1686 Quare
633 1634 722 1707 ergo
733 1634 807 1685 non
818 1611 942 1707 potius
955 1613 1107 1709 ponitur

59 1726 149 1800 inter
167 1724 400 1821 quantitates
416 1745 535 1820 genus
551 1725 642 1820 ejus,
660 1747 792 1820 nempe
816 1723 953 1798 sonus?
1007 1725 1105 1799 Nam

60 1851 95 1913 et
111 1862 295 1914 sonorum
318 1836 411 1911 alius
434 1847 491 1912 est
517 1837 673 1935 longior,
704 1837 797 1910 alius
826 1837 987 1911 brevior.
1030 1837 1106 1912 Cur

60 1977 132 2027 non
147 1964 240 2026 sunt
256 1951 372 2025 etiam
391 1949 559 2041 latratus,
584 1949 741 2040 ruditus,
766 1950 941 2047 mugitus,
959 1951 1107 2046 quanti-

60 2077 165 2154 tates,
182 2063 395 2162 etquidem
412 2062 613 2138 discrete?
654 2062 797 2137 Deinde
813 2087 882 2137 our
907 2074 964 2137 est
985 2065 1105 2138 oratio

62 2178 229 2253 timorata
247 2177 447 2274 quantitas.
488 2178 550 2250 An
568 2177 654 2273 quia
671 2175 873 2250 dividitur?
919 2177 959 2251 si
975 2177 1029 2251 ita
1045 2177 1106 2267 sit,

63 2291 189 2387 quidni
207 2313 324 2364 sonus
343 2290 443 2364 tubae
459 2288 604 2363 dicetur
622 2290 808 2385 quantitas
827 2289 1028 2362 continua?

107 2403 159 2479 B.
186 2403 409 2478 Orationem
426 2426 505 2476 esse
528 2403 785 2500 quantitatem,
802 2413 840 2476 et
862 2401 1012 2498 quidem
1030 2401 1109 2476 dis-

63 2526 211 2607 rretam,
230 2515 323 2589 dicit
341 2515 570 2590 Aristoteles.

106 2631 159 2704 Α.
185 2629 321 2704 Credo.
348 2629 399 2704 At
415 2653 491 2703 non
509 2653 609 2702 nune
627 2629 824 2725 querimus
841 2629 931 2726 quid
943 2629 992 2703 sit
1004 2630 1108 2704 Aris-

62 2743 265 2833 totelicum,
283 2743 349 2817 sed
372 2742 460 2838 quid
482 2743 532 2817 sit
555 2755 587 2815 rt
606 2741 941 2841 asprata-Tempus
964 2752 1108 2818 tractat

62 2855 510 2930 astronomia-Tractat
532 2853 694 2951 quidem,
717 2855 783 2929 sed
807 2879 855 2929 an
877 2868 920 2929 ut
937 2857 1107 2952 tempus?
1185 2902 1189 2909 -

63 2967 379 3066 Proprietatemne
396 2969 576 3067 temporis
591 2968 705 3041 ullam
719 2968 977 3043 demonstrant
988 2984 1108 3043 astro-

62 3081 188 3156 nomi?
250 3081 305 3156 Ut
330 3081 571 3178 loquerentur
597 3080 644 3154 de
670 3090 832 3180 tempore
860 3082 1108 3156 necessarium

63 3206 137 3271 erat
153 3207 310 3293 propter
323 3205 466 3268 motam.
495 3195 656 3285 Annum,
671 3218 846 3284 mensem,
861 3194 971 3284 diem,
985 3195 1108 3286 horas,

63 3324 97 3385 et
113 3313 292 3385 horarum
310 3310 453 3383 minuta
468 3308 598 3405 prima,
622 3307 794 3397 secunda,
812 3318 897 3397 eto,
925 3306 1108 3382 deliniunt

63 3424 277 3514 astronomi,
294 3447 370 3497 non
388 3422 436 3496 ad
449 3421 627 3519 temporis
638 3422 895 3518 proprietates
906 3420 972 3494 sed
984 3432 1108 3517 partes

64 3538 337 3635 cognoscendas
361 3560 443 3632 quae
466 3547 571 3608 motu
595 3558 792 3632 corporum
811 3534 1015 3608 coelestium
1033 3534 1108 3609 dis-

64 3648 443 3749 tinguuntur-Item
459 3647 1017 3747 ehrmrologia.—Chronologia
1033 3649 1109 3724 his-

64 3766 167 3839 toriae
185 3765 347 3862 quidem,
366 3761 432 3836 sed
455 3786 531 3835 non
554 3761 729 3848 soientiae,
753 3785 840 3859 pars
866 3761 1109 3835 est—Locus

64 3888 186 3952 antem
211 3878 252 3950 in
274 3874 536 3964 ateriometrim
562 3883 736 3972 qnantum
759 3874 814 3948 ad
839 3876 921 3971 ejm
955 3876 1109 3974 capaci-

65 3988 354 4065 tatem—Quid
388 4011 512 4085 quaeso
546 3987 700 4061 interest
738 3987 837 4061 inter
880 3987 953 4060 loci
994 4013 1105 4086 anpa-

66 4105 225 4193 citatm,
243 4112 281 4175 et
297 4099 370 4173 doci
388 4099 713 4198 magnitudinem?

111 4215 160 4290 B.
187 4215 300 4290 Plane
317 4213 454 4286 nesci0.

113 4330 162 4403 A.
190 4327 266 4402 Sed
282 4327 489 4416 verebatur,
510 4338 612 4422 puto,
626 4349 674 4400 ne
697 4327 727 4399 si
746 4325 899 4400 dixisset
923 4325 1110 4420 magnitu-

68 4443 200 4534 dinem,
215 4441 328 4516 etiam
346 4439 462 4513 laeam
474 4438 522 4512 ad
536 4439 782 4535 quantitatem
797 4437 943 4535 proprie
959 4436 1108 4527 dietam,

68 4583 174 4656 qnam
196 4566 284 4631 ante
310 4553 396 4627 iude
423 4553 626 4649 expulerat,
643 4552 832 4626 videretur
857 4549 1110 4624 reduxisse.-

938 4686 995 4740 co
