2618 5092
304 704 620 759 uarnnuarrcm
639 706 882 759 nomadum.
1040 696 1108 760 165

95 869 210 944 nullum
238 872 483 946 rectilineum.
536 872 647 948 Quod
675 884 799 946 antem
829 871 992 970 ungulus
1020 897 1107 947 con·
1144 905 1291 950 ennacos

92 992 189 1058 tactus
204 985 363 1082 angulus
377 986 437 1076 sit,
451 997 489 1058 et
507 992 675 1083 quantus,
687 1009 814 1057 verum
827 984 1107 1081 heterogeneus,
1147 988 1290 1094 ,ξω

90 1108 155 1190 post
170 1096 494 1173 demonstrabitur.
544 1098 684 1171 Rursus
706 1098 864 1187 Cluvius,
882 1107 922 1171 ut
947 1100 1109 1197 angulus

83 1207 200 1304 plum
224 1212 425 1307 efficiatur,
454 1212 602 1308 sufficit,
633 1212 764 1308 inquit,
794 1212 889 1285 duaa
918 1211 1039 1286 lineas
1068 1214 1108 1287 iu

83 1321 182 1419 plrno
197 1324 254 1399 ud
274 1325 430 1400 inuicem
449 1325 635 1414 inclinari,
659 1350 729 1398 nou
752 1333 873 1398 aulem
898 1326 1045 1423 requiri
1067 1336 1108 1400 ut

86 1457 117 1506 a
129 1447 243 1511 muno
259 1448 395 1513 secent.
430 1438 541 1514 Quod
551 1438 737 1512 Wallieius
753 1462 830 1512 non
846 1451 980 1534 uegat;
1002 1439 1108 1513 incli-

86 1550 150 1622 nari
180 1564 304 1649 negat.
363 1551 462 1627 Quid
492 1565 616 1626 autem
647 1564 703 1625 est
728 1552 929 1643 inclinatio,
960 1553 992 1626 si
1023 1552 1106 1627 duae

85 1661 171 1738 lineae
187 1677 277 1740 tunc
300 1690 376 1740 non
401 1666 624 1739 inclinantur
642 1664 690 1738 ad
711 1689 750 1738 se
775 1665 944 1753 invicem,
973 1689 1057 1739 cum
1083 1692 1106 1740 a

85 1774 218 1854 dirersis
244 1780 456 1876 regionibus
482 1792 648 1876 utraeque
674 1790 900 1852 concurrunt
930 1778 977 1852 ad
1007 1780 1105 1854 idem

84 1891 270 1984 punctum?
333 1893 384 1967 At
412 1892 616 1982 inclinatio,
650 1893 689 1963 in
720 1891 932 1964 definitione
966 1895 1103 1989 anguli,

83 2024 142 2078 non
180 2005 350 2092 sumitur,
391 2017 434 2078 ut
475 2006 514 2078 in
556 2004 749 2078 Elemento
788 2003 994 2093 undecimo,
1036 2030 1104 2102 pro

84 2118 198 2214 angulo
231 2118 424 2192 rectilineo
459 2131 593 2201 acuto;
628 2118 682 2190 ita
711 2128 754 2189 ut
786 2117 942 2212 angulus
969 2130 1105 2213 praeter

82 2242 210 2305 acutum
227 2232 352 2306 nullus
368 2232 427 2305 sit.

119 2340 159 2417 B.
186 2345 288 2420 Quin
305 2368 412 2417 arcus
426 2354 465 2418 et
481 2355 638 2438 tangens
655 2342 759 2416 adse
783 2342 1019 2433 inclinentur,
1038 2344 1105 2418 du-

83 2453 172 2532 bitari
196 2483 275 2533 non
302 2457 422 2532 debet.
474 2457 561 2530 Non
587 2480 677 2553 ergo
707 2457 815 2530 solvit
842 2470 1103 2554 argumentum

83 2570 193 2648 Clarii.
423 2584 426 2591 '

119 2684 163 2759 A.
189 2684 306 2782 Atqui
326 2683 406 2757 haec
434 2693 519 2757 sunt
544 2682 730 2779 praecipue
759 2705 842 2779 quae
869 2681 1105 2779 disputantur

82 2793 192 2894 Capite
209 2809 342 2882 sexto;
368 2797 432 2870 ubi
448 2809 580 2870 neuter
597 2797 645 2869 ob
662 2795 931 2891 ignorationem
961 2810 1104 2873 naturae

80 2911 280 3007 angulorum
311 2911 503 2985 veritatem
527 2920 740 2983 constanter
769 2919 882 2996 tenet,
901 2908 966 2981 sed
993 2912 1104 2986 modo

79 3019 135 3112 hic,
149 3023 262 3099 modo
280 3022 343 3097 ille
359 3023 491 3097 incidit
508 3023 546 3095 in
559 3020 728 3095 absurda.

115 3136 246 3236 Capite
261 3136 313 3210 vii
328 3138 485 3233 probare
498 3145 655 3210 conatur
666 3133 851 3207 Wallisius
869 3131 995 3228 anguli
1016 3138 1103 3210 aim-

27 3236 30 3283 !
71 3246 214 3343 pdldler
255 3261 295 3323 et
339 3250 465 3347 anguli
510 3259 702 3323 contacti&
740 3248 1104 3341 cucurutium—Primo

74 3358 191 3460 inquit,
209 3387 294 3461 quae
311 3372 432 3436 mutuo
441 3373 602 3461 possum
618 3364 677 3437 uel
693 3364 786 3437 addi
806 3363 867 3438 ccl
881 3391 929 3438 arc
950 3364 1040 3449 erui,
1057 3388 1104 3436 ea

73 3499 131 3551 noa
152 3486 240 3552 aaut
260 3475 915 3574 heterogcnco.-Conceditur.-At
940 3476 1104 3575 angulus

72 3599 266 3679 auectus,
279 3589 463 3687 siquidem
485 3587 536 3661 ait
566 3589 739 3688 angulus,
757 3599 795 3663 ct
824 3600 928 3664 recto
957 3615 1006 3664 uu
1025 3591 1104 3663 erri

65 3712 192 3798 potest,
208 3711 252 3776 ut
268 3710 418 3775 moneat
433 3701 595 3800 angulus
622 3702 846 3776 semicirculi
872 3703 1051 3793 internus,
1065 3712 1104 3777 ct

68 3826 160 3891 recto
187 3815 350 3914 orijungi
370 3823 567 3913 potestat
582 3816 665 3910 fiat
687 3815 849 3914 angulus
877 3817 1104 3890 semicirculi

66 3928 534 4024 externata-Percepistin’
552 3928 662 4024 hujus
676 3929 884 4025 argumenti
901 3929 1001 4002 vim?

105 4042 150 4117 B.
180 4044 253 4117 Ita.
306 4041 357 4131 Si,
376 4041 505 4137 inquit,
523 4042 755 4138 superficiem
771 4042 884 4131 illam,
896 4067 978 4138 quae
996 4067 1034 4115 se
1047 4042 1102 4115 in·

62 4158 148 4253 gerit
164 4158 267 4232 inter
280 4167 495 4250 tangentem
512 4167 551 4228 et
568 4178 706 4244 arcum,
724 4155 879 4245 auferas,
897 4154 1102 4228 remanebit

60 4272 210 4368 angulus
235 4292 347 4366 quem
376 4268 540 4342 efficiunt
563 4268 741 4341 diameter
762 4279 798 4341 et
816 4292 935 4342 arcus.
989 4267 1100 4340 Quod

60 4407 118 4479 per
130 4410 170 4459 se
187 4381 428 4458 manifestum
447 4393 515 4470 est,
529 4381 614 4477 quia
631 4380 796 4455 aufertur
814 4404 898 4478 pars
916 4405 938 4452 a
955 4391 1048 4452 toto.

103 4498 153 4574 A.
179 4497 282 4592 Ergo
311 4517 377 4590 per
404 4493 611 4567 Wallisium
641 4507 796 4590 uterque
826 4493 993 4590 angulus,
1022 4504 1099 4566 tam

58 4609 274 4688 semicirculi
292 4632 403 4706 quam
420 4618 626 4698 contectus,
645 4620 702 4682 est
715 4608 936 4705 superficies.
