2618 5092
236 671 311 738 408
387 684 442 737 nn
462 684 695 737 narucrrns
714 682 767 737 ur
784 680 1159 737 naucerunrrortn

54 878 124 921 car.
140 880 182 922 rx.
236 852 415 927 terminos
441 852 532 925 alios
561 874 637 925 non
671 850 809 925 habere
837 862 1094 949 praeterquam
1125 848 1276 945 longitu-

48 949 194 1069 ffi
236 966 346 1051 dinis,
362 978 401 1039 et
426 977 625 1063 propterea
649 965 809 1061 figuram
835 986 912 1039 non
941 986 1035 1039 esee.
1089 958 1278 1039 Quomodo

235 1102 325 1175 ergo
343 1079 519 1152 differunt
538 1078 637 1152 inter
652 1101 693 1151 se
710 1076 795 1153 dure
810 1074 921 1153 lineae
935 1078 1058 1153 finitae
1074 1074 1277 1173 inrequnlet,

235 1215 390 1288 quarum
407 1192 524 1265 altera
540 1203 654 1281 recta,
665 1191 785 1265 ultera
800 1190 1044 1287 curvalcstsi
1058 1214 1139 1265 nou
1150 1186 1277 1287 figula?

234 1304 422 1379 Differunt
438 1305 538 1378 enim
554 1304 752 1402 plusquam
767 1304 1014 1403 longitudine.

284 1418 461 1493 Definitio
496 1416 817 1515 decimaquinta:
846 1416 1027 1493 erratu
1061 1426 1125 1493 ert
1145 1416 1277 1517 figura

227 1530 352 1629 plana
368 1529 436 1603 aab
452 1556 526 1604 aaa
542 1530 642 1604 linea
658 1530 935 1629 medena,
949 1556 1032 1629 quoe
1055 1528 1278 1630 peripheria

233 1642 462 1743 appellatur,
476 1645 516 1717 ia
529 1668 636 1743 qaum
649 1642 698 1717 ab
710 1668 782 1717 uno
788 1654 931 1741 puncto
945 1668 1075 1719 eorum
1089 1668 1170 1742 qm
1186 1643 1278 1717 intra

219 1756 396 1855 figuram
421 1765 508 1829 aunt
527 1757 673 1855 positu,
703 1756 877 1830 calentes
902 1781 1030 1831 omnes
1046 1766 1167 1831 recta
1181 1756 1279 1831 linea

234 1870 333 1943 inter
344 1880 480 1943 secant
497 1868 673 1967 aquales.
712 1868 836 1945 Quam
852 1893 929 1943 non
944 1868 1204 1966 reprehendo:
1219 1868 1279 1943 sed

233 2007 371 2079 quaero,
382 1984 514 2081 prim0,
525 2006 639 2080 quare
655 1983 774 2057 latera
786 1984 912 2057 omnia
924 1982 1037 2058 simul
1051 2008 1139 2081 quae
1150 1983 1278 2057 consti-

232 2097 534 2171 tuuntambitum
547 2096 817 2195 polygoni,non
827 2096 1132 2193 aqueunalinea
1145 2108 1277 2170 suntuc

231 2211 430 2306 perimeter
447 2210 575 2284 circuli
591 2241 602 2293 ;
633 2210 697 2307 qui
714 2208 874 2282 circulus
889 2209 1126 2308 polygonum
1143 2209 1276 2283 censeri

230 2333 352 2417 potest
369 2323 526 2397 laterum
544 2347 699 2396 numero
718 2321 959 2396 infinitorum.
1012 2321 1055 2396 Si
1073 2321 1202 2397 dicant
1217 2321 1277 2394 dif-

231 2433 427 2509 ferentiam
442 2437 641 2510 consistere
654 2435 691 2508 in
705 2459 749 2507 eo
763 2436 864 2531 quod
882 2432 956 2507 duo
974 2434 1096 2509 latera
1109 2434 1276 2532 polygoni

231 2571 306 2620 non
323 2548 461 2622 habent
477 2560 658 2644 punctum
671 2571 867 2621 commune
884 2546 933 2620 ad
950 2572 1015 2622 eos
1034 2573 1131 2644 quos
1144 2549 1275 2623 faciunt

231 2660 396 2756 angulos,
421 2661 517 2734 sicut
544 2662 684 2734 habent
711 2662 784 2734 duo
815 2660 972 2757 quilibet
1003 2685 1116 2736 arcus
1145 2661 1274 2748 circuli,

230 2773 473 2869 acquiescam.
526 2775 714 2848 Caeterum
743 2774 775 2847 si
801 2774 856 2847 ita
883 2772 1026 2865 dicant,
1054 2774 1210 2849 videant
1232 2798 1273 2851 au

229 2896 374 2975 ἀκρίβειαν
387 2886 488 2959 illam
504 2885 767 2983 propositionis
783 2890 845 2974 47,
862 2885 981 2960 Elem.
999 2885 1025 2977 i,
1043 2910 1123 2960 non
1140 2887 1273 2974 tollant,

229 3000 289 3073 cui
316 3000 476 3073 maxima
492 3023 578 3095 pars
596 2999 810 3095 geometriae
827 2998 1014 3073 innititur.
1069 2999 1208 3075 Quaero
1224 3024 1272 3073 sc·

229 3113 365 3202 cundo,
375 3137 442 3187 cur
455 3137 531 3186 non
545 3112 713 3186 definivit
727 3112 905 3185 circulum
923 3136 946 3185 a
959 3112 1271 3187 circumductione

228 3227 333 3312 radii,
352 3240 393 3300 ut
411 3227 577 3300 definivit
597 3227 777 3323 sphaeram
795 3251 818 3298 a
834 3226 1157 3301 circumductione
1174 3227 1270 3300 semi·

228 3339 378 3423 circuli;
406 3364 490 3412 nam
518 3339 663 3434 potuit:
690 3352 728 3410 et
757 3339 887 3411 fuisset
918 3338 1089 3413 definitio
1122 3339 1185 3413 illa
1215 3338 1268 3411 dc-

228 3452 382 3525 claratio
399 3453 649 3549 generationis
666 3452 807 3543 circuli,
825 3466 864 3524 et
880 3476 947 3548 per
965 3453 1068 3527 illam
1087 3454 1170 3528 haec
1190 3453 1268 3527 defi·

226 3565 320 3637 nitio
339 3565 582 3639 demonstrari
599 3567 760 3639 breviter
780 3567 973 3662 potuisset.
1029 3568 1072 3642 ln
1091 3569 1150 3641 his
1166 3568 1268 3664 igitur

226 3678 502 3752 definitionibus
520 3681 748 3776 reprehendo
766 3695 816 3761 τὴν
837 3695 993 3763 σκαιότητα.

285 3795 461 3868 Definitio
496 3796 682 3870 tricesima
715 3807 870 3892 quarta:
912 3794 1126 3870 Porullelae
1167 3806 1267 3871 recta

224 3906 333 3979 linea»
360 3918 456 3997 sunl,
484 3935 567 4006 quea
593 3935 673 3982 cam
700 3911 739 3982 ia
765 3910 892 3983 eodem
917 3910 995 3982 siat
1015 3909 1150 4008 plano,
1169 3921 1206 3983 et
1228 3935 1268 3983 ee

224 4031 383 4119 utruque
401 4033 521 4120 parte
547 4024 585 4094 iu
615 4024 797 4118 irfiaitam
816 4023 1097 4121 producantur,
1124 4025 1162 4098 in
1191 4048 1267 4097 neu·

224 4145 323 4207 tram
341 4135 416 4208 sibi
433 4146 554 4208 nratao
573 4137 765 4210 incident:
791 4160 880 4209 vera
896 4137 1049 4235 quidem
1067 4150 1125 4211 est
1141 4161 1266 4235 propo

224 4249 323 4337 sitia,
357 4273 433 4322 non
464 4262 588 4322 autem
614 4251 713 4322 bona
741 4250 918 4323 delinitio.
972 4251 1081 4324 Bona
1110 4251 1266 4325 definitio

224 4364 441 4459 ingenerare
472 4364 580 4437 debet
612 4364 791 4437 auditoris
818 4364 941 4437 auimo
969 4364 1094 4438 ideam
1120 4366 1267 4462 parulle

223 4477 332 4565 lismi,
349 4478 387 4550 id
405 4490 472 4565 est,
491 4479 785 4574 aequidistantiae.
838 4479 888 4551 At
912 4477 950 4548 in
968 4478 1041 4551 hac
1059 4479 1266 4553 definitione

223 4613 270 4660 ne
287 4614 363 4664 una
379 4592 529 4687 quidem
548 4617 618 4664 vox
637 4606 695 4664 cst
711 4617 794 4687 quae
822 4590 1009 4687 significat
1036 4606 1104 4667 aut
1127 4592 1266 4691 aequali-
