2618 5092
277 695 594 750 marnsunrrom
615 685 865 750 nonnarum:
1026 685 1095 751 163

59 862 231 958 principia
247 885 325 936 non
343 863 432 937 satis
448 862 605 937 feliciter
621 888 765 961 semper
782 878 936 963 ponunt.
974 867 1094 962 Opor-
1132 891 1196 931 nnn

58 977 120 1049 tuit
134 977 242 1073 prius
257 976 454 1050 definitum
477 1000 556 1051 esse
580 978 669 1073 quid
692 979 741 1052 sit
765 980 966 1067 inclinatio,
984 1004 1094 1076 quam
1134 973 1196 1066 „j

57 1113 115 1186 per
151 1087 431 1162 inclinationem
472 1089 673 1165 definiisset
714 1092 889 1184 angulum
931 1092 1092 1189 planum.

58 1201 161 1277 Quod
179 1227 268 1275 cum
286 1226 362 1275 uon
379 1202 519 1294 fecerit,
537 1204 576 1276 in
590 1229 701 1277 causa
716 1205 787 1278 fuit
802 1206 1096 1302 qnodWallisius

56 1315 188 1389 frustra
204 1339 246 1389 se
263 1316 414 1390 torserit
431 1317 469 1388 iu
487 1316 638 1390 vocibus
654 1333 745 1396 κλίσις
762 1332 801 1391 et
817 1334 940 1392 ainata.
993 1319 1098 1416 Sapit

58 1428 148 1501 enim
173 1428 345 1503 definitio
368 1429 544 1503 Euclides
569 1430 651 1525 plus
679 1455 789 1526 quam
814 1432 901 1505 satis
928 1431 974 1505 de
997 1433 1098 1529 vulgi

57 1541 318 1640 imaginatione
341 1544 479 1640 auguli,
499 1567 583 1616 cum
607 1543 734 1632 dicant
753 1545 824 1618 hoc
841 1546 899 1619 vel
921 1545 1012 1618 illud
1029 1570 1099 1618 non

48 1654 192 1751 factam
209 1680 295 1730 case
314 1657 353 1730 in
370 1656 519 1756 angrtlo.
552 1657 613 1730 Sic
629 1682 774 1756 qnoque
791 1659 927 1755 accipit
940 1660 1097 1745 Clavius,

59 1793 136 1845 oum
152 1782 289 1844 contra
305 1770 523 1844 Peletarium
543 1771 745 1868 disputans,
763 1772 939 1869 angulum
956 1785 1098 1845 rectum

59 1884 232 1981 majorem
249 1905 329 1957 esse
352 1882 444 1956 dicit
467 1908 577 1981 quam
602 1896 660 1957 est
684 1885 840 1980 angulus
867 1885 1099 1973 semicirculi,

60 2009 97 2070 ut
111 2006 236 2072 totum
253 2020 363 2093 quam
380 2020 488 2093 pars3
515 1997 691 2093 deceptus
709 2022 753 2071 eo
772 1998 872 2096 quod
889 1999 1099 2095 superficies

62 2109 175 2206 aliqua
191 2109 364 2206 intercipi
382 2109 529 2185 videtur
546 2110 644 2185 inter
668 2134 795 2185 arcum
819 2122 856 2185 et
874 2122 1099 2208 tangentem.

63 2222 185 2320 ltaque
198 2233 371 2296 naturam
385 2222 522 2320 anguli,
533 2224 635 2319 vulgi
648 2247 763 2313 more,
775 2225 813 2296 in
826 2235 929 2297 arcta
942 2224 1101 2320 quadam

65 2336 250 2432 superficie
263 2336 465 2411 consistere
479 2336 726 2410 arbitrabatur
742 2365 751 2409 ε
776 2337 875 2435 quod
889 2350 945 2411 est
956 2337 1100 2410 falsum.

108 2447 156 2521 B.
184 2447 266 2521 Imo
298 2470 398 2537 vero,
427 2448 521 2521 adeo
554 2448 767 2538 absurdum,
797 2464 839 2522 ut
873 2474 981 2522 uemo
1010 2448 1102 2522 illud

68 2583 218 2658 unquam
236 2572 364 2657 aperte
381 2560 503 2635 dicere
521 2585 631 2635 ausus
649 2562 719 2646 sit3
747 2587 969 2659 quanquam,
987 2562 1101 2634 inhae-

69 2687 161 2750 rente
183 2673 249 2747 illa
277 2673 370 2747 falsa
391 2674 668 2772 imaginatione,
695 2676 735 2749 id
762 2675 924 2751 dixerint
952 2699 998 2749 ex
1028 2699 1101 2770 quo

70 2784 184 2861 inferri
200 2785 328 2883 possit.

111 2899 157 2973 Α.
184 2898 388 2972 Audiamus
398 2897 1102 2998 Wallisinm.-thaidemipccelincoe

72 3021 328 3102 concurrentes,
345 3013 512 3110 quamvis
534 3021 623 3086 totoe
632 3011 779 3108 forsan
806 3011 1027 3085 inclinentur
1050 3014 1105 3085 acl

73 3122 220 3216 invicem,
248 3125 427 3224 angulum
449 3135 572 3199 tamen
598 3150 670 3199 non
700 3126 796 3199 alibi
826 3149 930 3222 qaam
953 3125 990 3197 in
1019 3125 1101 3222 ipso

70 3248 194 3331 puncto
216 3263 417 3313 cormarcus
431 3237 909 3337 formant-Nounehinc
923 3239 1099 3334 sequitur,

73 3347 138 3444 ipsa
151 3365 292 3450 puncta
308 3353 466 3427 formare
484 3353 687 3451 angulum?

112 3462 154 3538 B.
182 3466 305 3540 Plane.
360 3466 408 3540 Et
442 3466 621 3563 siquidem
651 3478 830 3562 punctum
861 3465 921 3554 sit,
954 3476 998 3537 ut
1023 3464 1102 3537 vult

74 3572 256 3669 Wallisius,
273 3579 377 3669 nihil,
395 3579 470 3653 duo
488 3579 604 3653 nihila
619 3579 832 3653 formabunt
849 3577 1035 3674 angulum.

114 3690 160 3765 Α.
184 3690 368 3766 Videntur
384 3693 473 3766 mihi
491 3693 575 3767 duae
594 3693 714 3781 lineae,
741 3692 885 3766 etiamsi
912 3715 987 3765 non
1014 3716 1101 3765 cou-

75 3815 221 3892 emant,
250 3805 282 3878 si
312 3817 437 3878 tamen
453 3806 582 3879 eadem
617 3805 745 3901 regula
772 3829 846 3903 qua
878 3816 1103 3900 generantur

75 3916 263 4007 productae,
282 3941 516 3992 concursurae
533 3921 619 4008 sint,
638 3920 815 4016 angulum
833 3920 988 3992 efficere.

114 4028 160 4103 B.
187 4031 274 4104 Hoc
304 4031 489 4126 quomodo
520 4031 568 4105 sit
594 4031 767 4127 possibile
797 4032 859 4105 vix
885 4032 1101 4127 intelligam,

76 4137 132 4214 nisi
147 4143 265 4216 sciero
283 4143 365 4238 quis
383 4143 430 4216 sit
448 4167 557 4240 quem
573 4156 616 4216 tu
633 4144 794 4241 appellas
815 4145 1002 4242 angulum.

114 4254 158 4327 A.
186 4254 378 4353 Angelum
404 4255 637 4354 simpliciter,
673 4257 819 4330 excluso
847 4256 984 4352 angulo
1015 4279 1102 4329 con-

76 4371 193 4458 nctus,
233 4367 391 4464 appello,
426 4367 546 4458 lincae,
580 4394 663 4467 qam
700 4369 878 4442 circulum
911 4367 1102 4457 describit,

77 4481 309 4555 interimis
323 4481 436 4554 totins
446 4482 657 4579 portionem
669 4510 683 4555 .·
707 4481 840 4580 anguli
856 4492 976 4556 antem
988 4505 1104 4578 qrcan-

77 4587 217 4686 litatem,
261 4595 507 4694 quantitatem
552 4620 665 4669 arcas
727 4594 884 4692 qnalibet
941 4605 1104 4693 tempore

923 4733 994 4785 ma
