2618 5092
394 626 579 679 cunarro
599 626 792 679 sennan.
1037 611 1109 676 503

67 799 100 867 et
128 790 322 866 semissem
357 792 471 889 ipsius
498 793 561 866 Zc.
614 792 847 867 Quadratum
875 801 998 864 autem
1021 791 1111 863 aZc
1157 818 1240 856 mor>
1255 816 1286 856 x

65 906 201 1002 aequale
229 917 285 980 est
302 916 346 997 δὲ
364 906 553 1003 quadratis
570 931 593 979 a
609 907 741 1002 quinta
766 917 872 1003 parte
899 927 1006 978 arcus
1034 883 1293 976 ΒΟ.”’*“’

64 1018 250 1093 Differunt
284 1043 374 1116 ergo
407 1043 533 1093 rursus
565 1020 694 1094 eadem
726 1020 870 1094 ratione
903 1042 978 1116 qua
1009 1031 1109 1091 ante.

64 1134 261 1220 Praeterea,
279 1132 459 1228 quadrata
475 1133 521 1205 ab
539 1131 594 1222 eb,
612 1159 682 1222 om,
700 1133 753 1223 kl,
770 1133 857 1232 quia
881 1145 968 1206 sunt
988 1132 1027 1204 in
1051 1154 1110 1203 ra-

64 1246 165 1319 tione
183 1246 449 1343 quadratorum
467 1247 514 1319 ab
532 1246 601 1333 Aa,
617 1246 678 1336 Al,
692 1246 758 1344 Af,
775 1246 816 1320 id
832 1245 944 1320 estin
966 1243 1111 1317 ratione

63 1359 328 1456 quadratorum
343 1360 389 1432 ab
402 1359 478 1448 ΑΖ,
491 1358 559 1448 Al,
574 1359 641 1448 Aa,
654 1360 843 1434 habebunt
857 1359 988 1433 eodem
999 1357 1111 1430 modo

63 1471 248 1545 calculum
282 1472 549 1568 geometricum
579 1474 625 1546 ab
656 1474 894 1548 arithmetico
926 1472 1111 1545 diversum

62 1585 161 1660 sicut
178 1586 254 1675 illa,
272 1610 404 1682 nempe
430 1598 473 1659 ut
488 1610 555 1682 per
571 1586 755 1686 Regulam
772 1587 938 1660 Auream
955 1586 1112 1683 quadra-

64 1712 145 1773 tum
162 1700 211 1774 ab
230 1699 289 1774 ak
306 1700 363 1773 vel
380 1699 424 1772 lael
438 1703 556 1796 majus
568 1702 671 1797 justo
695 1701 743 1774 sit
760 1713 900 1797 quanto
918 1701 1037 1796 majus
1054 1713 1111 1772 est

62 1807 260 1910 †quam2-
279 1813 387 1886 unius
404 1812 566 1886 unitatiS.

58 1963 60 1967 ·
113 1927 319 2013 Postremo,
331 1925 418 2023 quia
434 1925 654 2022 quadratum
672 1951 695 1999 a
712 1926 775 2000 CG
791 1925 872 2020 (16)
888 1937 944 1999 est
960 1925 1007 1997 ad
1024 1950 1113 2021 qua-

65 2039 215 2113 dratum
245 2040 440 2133 aZc(10)
462 2053 504 2113 ut
533 2049 575 2113 16
601 2039 649 2113 ad
672 2049 728 2130 10,
756 2040 833 2114 sive
857 2050 901 2112 ut
929 2046 973 2114 10
990 2039 1038 2111 ad
1055 2047 1113 2135 δὲ,

65 2151 288 2250 quadratum
315 2152 362 2225 ab
390 2150 434 2224 el
454 2152 529 2225 sive
553 2154 607 2225 Ae
632 2153 689 2244 (ut
717 2165 804 2226 ante
829 2165 1017 2226 ostensum
1038 2156 1110 2244 est)

59 2266 137 2343 ,erit
153 2265 222 2345 fil:
249 2262 350 2361 quod
380 2265 565 2338 consentit
590 2289 674 2338 cum
704 2267 844 2340 calculo
873 2265 1112 2360 geometrico.

58 2379 141 2452 sed
158 2378 340 2475 quadrata
356 2377 420 2450 illa
443 2400 519 2450 non
546 2390 633 2450 sunt
655 2378 880 2468 immediata,
898 2379 985 2476 quia
1001 2379 1114 2451 inter-

66 2502 258 2589 ponuntur
274 2487 453 2585 quadrata
470 2489 516 2561 ab
532 2489 602 2563 ΥΩ
620 2501 658 2563 et
675 2490 747 2563 lt.

59 2670 63 2677 .
116 2603 249 2700 Neque
270 2602 404 2674 mirum
426 2601 543 2675 videri
573 2602 695 2693 debet,
713 2604 744 2677 si
768 2603 930 2678 calculus
951 2629 1019 2701 per
1042 2603 1115 2675 Rc-

63 2716 198 2816 gulam
216 2713 383 2788 Auream
398 2714 579 2811 producat
598 2740 793 2790 numemm
810 2719 986 2815 majorem
1004 2742 1114 2814 quam

67 2829 230 2903 calculus
247 2851 313 2924 per
329 2828 410 2923 ipsa
425 2829 536 2925 plana
549 2829 788 2924 geometrica.
825 2831 922 2904 Nam
939 2853 1113 2904 numerus

66 2955 123 3016 est
140 2941 366 3039 quantitates
384 2940 567 3032 discretae,
586 2942 774 3038 inquibus
797 2967 871 3016 una
896 2967 978 3016 curn
998 2944 1115 3016 altera

66 3056 160 3130 nihil
189 3055 302 3130 habet
327 3078 534 3144 commuue,
553 3055 617 3131 sed
645 3068 703 3129 tot
721 3079 849 3129 revera
866 3071 953 3129 sunt
969 3080 1028 3129 res
1046 3079 1114 3128 nu-

61 3182 221 3244 ,meratae
247 3179 337 3264 quot
365 3180 618 3242 numerantur.
673 3169 864 3244 Quadrata
890 3182 1013 3243 autem
1034 3169 1114 3242 haec

67 3296 156 3357 sunt
186 3281 372 3379 quantitas
400 3304 476 3354 una
503 3282 691 3371 continua,
726 3307 805 3380 quae
835 3307 920 3356 cum
954 3282 1115 3356 habeant

63 3406 227 3493 quatuor
261 3393 378 3466 latera
412 3393 697 3491 unumquodque
731 3417 806 3467 non
840 3396 1016 3492 contigua
1050 3397 1115 3470 sed

67 3507 258 3596 continua,
275 3505 420 3603 quoties
444 3506 737 3602 multiplicantur
763 3508 874 3580 toties
900 3509 1046 3605 singula
1062 3509 1115 3582 la-

66 3635 150 3696 tera
183 3619 313 3693 eadem
348 3641 502 3691 numero
536 3632 790 3710 numerantur,
819 3620 859 3694 id
887 3634 956 3713 est,
983 3647 1116 3695 unum-

59 3734 243 3834 quodque
272 3731 370 3805 latus
405 3731 684 3827 multiplicatur,
719 3745 757 3808 et
790 3734 946 3831 proinde
974 3736 1116 3809 faciunt

67 3871 266 3925 numerum
283 3845 547 3943 quadratorum
562 3847 665 3942 justo
682 3848 871 3942 majorem.

120 3964 215 4036 Haec
237 3959 330 4049 fuse,
355 3971 393 4031 et
426 3958 484 4052 (ut
502 3960 628 4054 credo)
658 3961 852 4058 perspicue
881 3958 1051 4058 explicui,
1075 3971 1116 4031 ut

61 4076 188 4152 ‚sciant
211 4073 363 4146 tandem
385 4087 585 4168 geometrae
612 4074 675 4171 qui
696 4075 807 4172 plana
823 4073 945 4147 metiri
963 4096 1116 4145 consue-

69 4199 204 4262 verunt
237 4209 303 4283 per
329 4184 516 4283 Regulam
542 4185 705 4261 Auream
734 4188 791 4261 vel
821 4211 887 4285 per
918 4186 1116 4283 algebram,

70 4301 211 4376 frustra
227 4323 266 4373 se
283 4298 417 4373 lacere.
