2618 5092
278 637 592 691 nnunnmsmcn
612 638 853 691 eumenum.
1011 627 1077 692 183

60 807 191 879 titolum
216 805 389 879 continue
411 805 663 895 crescentium,
686 831 711 878 a
730 816 873 904 puncto
896 805 1078 880 11110111-
1115 836 1247 877 1111511

59 920 256 992 clootorom
268 946 284 1003 ,·
320 918 423 991 rotie
456 943 566 1016 qoem
598 917 706 991 hebet
742 919 812 992 illo
852 919 907 992 od
945 919 1079 992 seriem
1119 917 1249 1019 „js—

58 1033 188 1105 totidem
204 1030 378 1105 maxime
394 1030 599 1129 aequalium,
616 1029 841 1130 subtriplum
859 1031 1080 1129 superabit;

58 1145 182 1242 eritque
198 1166 376 1217 excessus
394 1166 441 1216 ea
463 1142 576 1231 ratio,
602 1167 712 1240 quom
740 1143 853 1217 habet
876 1144 1002 1217 onitas
1030 1144 1084 1218 od

57 1256 244 1354 sextuplum
260 1255 401 1329 numeri
422 1255 654 1328 terminorum
675 1266 763 1354 poet
789 1265 838 1343 03
862 1256 952 1346 siue,
970 1283 1080 1356 quom

57 1369 149 1442 lohet
165 1368 286 1442 rodim
302 1368 527 1466 quadratica
548 1369 695 1442 termini
711 1370 831 1467 primi
852 1380 941 1469 poet
963 1377 999 1460 0,
1027 1371 1082 1444 od

57 1481 249 1581 sextuplum
268 1481 415 1555 radicis
438 1482 673 1579 quadraticoe
697 1483 843 1556 termini
866 1483 1080 1558 maximi.—

58 1593 144 1668 Clere
160 1596 222 1669 hic
239 1594 415 1691 loquutus
432 1607 499 1668 est.

95 1707 138 1782 B.
164 1708 352 1805 Intelligo.
421 1709 627 1798 Rationem,
663 1733 773 1805 quem
814 1709 926 1782 hebet
967 1711 1080 1784 series

58 1822 284 1895 crescentium
299 1820 348 1895 ad
364 1821 497 1895 seriem
514 1820 668 1894 totidem
686 1822 854 1895 maximae
870 1822 1079 1918 aequalium,

57 1934 214 2031 mojorem
231 1956 312 2007 esse
326 1932 416 2008 dicit
434 1957 543 2029 quam
560 1933 654 2008 ratio
673 1944 687 2008 1
705 1935 752 2008 ad
771 1944 806 2024 3,
819 1945 923 2008 tento
941 1948 1081 2030 quanto

58 2057 100 2119 ut
112 2046 205 2120 ratio
222 2046 376 2120 unitatis
393 2045 441 2120 od
457 2046 664 2142 sextuplum
682 2049 825 2121 numeri
841 2048 1081 2121 terminorum

57 2182 125 2265 post
139 2181 176 2261 0,
190 2172 264 2245 hoo
280 2183 348 2262 est,
365 2171 404 2244 in
422 2172 515 2245 serie
536 2155 671 2271 Ῐξ-ζ-ζξ,
695 2171 840 2266 (=-,⁶;),
860 2172 1039 2245 rationem
1058 2183 1079 2244 5

58 2288 95 2361 td
117 2299 159 2364 12
186 2289 365 2385 majorem
392 2312 471 2363 esse
493 2291 635 2364 ratione
657 2299 671 2363 1
693 2289 742 2364 ad
767 2300 789 2365 3
810 2290 887 2363 sive
910 2299 932 2362 4
954 2288 1003 2364 ad
1024 2299 1080 2380 12,

58 2411 146 2476 tento
162 2415 302 2499 quanto
317 2413 376 2475 est
391 2402 488 2476 ratio
510 2412 523 2476 1
546 2402 595 2476 ed
616 2412 671 2476 12.

97 2517 141 2594 Α.
167 2517 284 2590 Recte
301 2515 486 2612 intelligis.
536 2517 603 2590 Est
632 2526 756 2589 autem
787 2515 930 2590 falsum.
984 2514 1082 2588 Nam

60 2629 136 2703 totio
164 2638 186 2702 5
218 2628 267 2702 od
298 2636 342 2703 12
372 2628 522 2724 aequelis
550 2641 647 2703 esset
676 2629 852 2703 ambabus
881 2629 990 2703 simul
1023 2651 1082 2702 re-

59 2740 203 2815 tionibus
221 2751 235 2814 1
257 2740 306 2814 ud
330 2750 354 2814 3
374 2752 412 2815 et
431 2749 448 2813 1
469 2740 517 2814 od
539 2752 603 2816 12:
631 2766 713 2837 quae
742 2743 903 2817 rationes
932 2765 1082 2837 compo-

61 2852 134 2945 titae,
155 2856 266 2951 juxto
288 2853 534 2928 definitionem
554 2854 669 2927 Elem.
687 2854 735 2927 vi.
754 2862 790 2944 5,
808 2855 949 2928 faciunt
969 2855 1083 2927 retio-

61 2977 164 3041 11111
193 2966 243 3041 sd
271 2976 331 3041 36.
394 2968 462 3041 Est
491 2991 579 3063 ergo
608 2968 704 3040 ratio
730 2977 751 3040 5
778 2968 826 3041 ed
854 2978 896 3041 12
932 2966 1082 3063 aequalis

61 3082 175 3155 rationi
197 3091 212 3154 1
234 3081 283 3155 od
301 3089 360 3155 36.
412 3081 480 3154 Vel
494 3082 525 3154 si
541 3082 639 3154 inter
654 3090 675 3154 5
689 3093 728 3155 et
745 3090 788 3154 12
807 3080 1083 3176 interponamus

61 3198 87 3277 1,
99 3204 137 3269 nt
153 3195 229 3268 sint
245 3204 322 3267 tres
340 3192 562 3289 quantitates
583 3202 617 3281 5,
639 3203 676 3279 4,
698 3202 754 3281 12,
784 3192 878 3265 ratio
905 3191 1034 3287 primae
1059 3198 1080 3262 5

60 3304 254 3381 tdtertinm
278 3307 455 3403 1211111101
482 3306 552 3381 erit
580 3305 724 3379 ratione
748 3316 769 3378 4
795 3304 921 3394 111112,
950 3303 989 3376 id
1015 3317 1081 3391 est,

61 3419 182 3493 ratione
210 3418 402 3514 subtripla,
431 3430 537 3492 tauto
568 3431 707 3514 quanta
731 3427 788 3491 est
813 3416 908 3490 ratio
930 3425 952 3489 5
973 3414 1020 3488 ad
1045 3424 1081 3487 4.

62 3526 183 3628 ltaque,
214 3554 283 3628 per
308 3531 446 3603 bonum
478 3542 642 3604 vestrum
668 3530 924 3627 professorem,
954 3528 1082 3603 eadem

62 3643 597 3720 stratiooadsetladm.

95 3758 140 3832 B.
165 3759 282 3832 Error
299 3757 511 3831 manifestus
536 3768 605 3846 est,
629 3767 666 3830 et
695 3756 842 3851 quidem
867 3757 984 3853 major
1007 3756 1082 3842 illo,

62 3887 150 3961 quem
179 3870 316 3945 erravit
349 3870 388 3943 in
415 3869 584 3944 doctrine
614 3869 813 3965 spiralium.
866 3867 978 3944 Quod
1006 3893 1082 3943 non

62 3977 146 4058 facile
162 3982 413 4058 credidissem.
1200 3977 1201 3981 ’

99 4098 140 4171 Α.
166 4098 260 4171 Vide
274 4099 353 4194 jam
367 4096 404 4169 id
419 4094 519 4192 quod
532 4095 617 4169 inde
631 4095 753 4184 infert,
766 4119 909 4191 nempe,
923 4095 954 4168 si
971 4094 1082 4166 series

63 4202 123 4283 hee
137 4210 354 4308 qundrutice
375 4219 470 4282 esset
493 4208 646 4296 infinita,
671 4231 813 4280 summa
840 4206 1082 4280 crescentium

64 4319 99 4392 td
111 4347 285 4397 summam
302 4321 457 4395 totidem
474 4321 726 4408 maximarum,
742 4331 838 4392 esset
855 4329 1025 4392 accurate
1042 4318 1082 4388 in

65 4435 182 4510 ratione
210 4445 225 4511 l
250 4435 299 4510 ed
324 4443 357 4508 3.
412 4434 473 4506 Sic
507 4434 605 4506 enim
631 4430 918 4529 probet—Com
948 4438 1080 4516 autem,

67 4558 228 4624 crescente
244 4570 394 4623 numero
412 4547 660 4635 terminorum,
678 4568 851 4618 excessus
872 4541 938 4615 ille
962 4564 1082 4640 sopra
