2640 5092
263 657 843 712 usrnnmanrcnsonmnnn.
1003 646 1071 712 149

33 823 299 916 demonstrare,
316 850 426 923 quam
442 825 676 922 paucioribus
704 848 779 897 non
806 824 1071 902 demonstrare.
1107 856 1258 899 orimum

33 936 208 1034 Sequitur
224 939 357 1011 Aureae
374 937 525 1034 Regulae
536 937 670 1033 praxis,
681 937 797 1025 idest,
809 936 1072 1034 exemplaope·
1113 939 1256 1042 „L

33 1050 188 1123 rationis
222 1051 398 1147 vulgaria.
462 1048 617 1139 Deinde,
648 1051 854 1147 exemplum
880 1050 992 1139 aliud,
1010 1052 1074 1125 nbi

33 1163 210 1259 quaeritnr
227 1173 342 1262 quota
359 1164 452 1236 hora
467 1164 520 1236 eit
537 1164 695 1236 Athenio
712 1163 859 1261 quando
887 1173 944 1236 ea
976 1164 1075 1238 Oxo-

33 1275 101 1348 κὶα
117 1284 280 1349 octava:
298 1277 402 1372 cnjus
419 1277 543 1373 praxis
561 1276 661 1350 nulia
674 1301 753 1350 esse
778 1289 912 1372 potest,
929 1278 1001 1351 nisi
1030 1279 1074 1354 iis

33 1388 93 1485 qui
112 1388 237 1463 sciunt
260 1388 463 1464 doctrinam
491 1391 656 1487 sphaerae,
673 1402 711 1463 et
735 1391 954 1463 circulorum
980 1415 1074 1487 qnos

33 1503 69 1577 in
85 1503 151 1576 illa
166 1503 354 1576 finxerunt
372 1505 587 1576 astronomi.
640 1504 775 1576 livero
795 1503 886 1576 nulli
899 1515 997 1591 sunt,
1010 1505 1075 1600 qui

33 1639 105 1689 non
124 1616 291 1711 regulam
308 1616 404 1689 hanc
420 1630 507 1690 ante
526 1614 746 1690 didicerunt.
781 1616 868 1688 Non
885 1628 965 1689 erat
982 1639 1073 1712 ergo

33 1728 253 1801 arithmetici
271 1728 341 1801 hoc
358 1728 502 1818 docere,
520 1732 624 1826 cujus
642 1740 699 1802 est
713 1731 836 1801 omnia
852 1728 985 1802 docere
1009 1730 1074 1803 ab·

33 1853 168 1914 straete
201 1865 225 1914 a
254 1841 363 1914 rebus
392 1843 604 1931 numeratio,
635 1842 771 1925 idest,
805 1841 1072 1916 universaliter.

33 1951 185 2044 Deinde,
203 1954 303 2050 quod
319 1955 498 2028 monitum
522 1954 697 2028 lectorem
714 1954 843 2043 voluit,
862 1979 908 2028 ae
924 1956 1072 2053 quando

33 2064 163 2144 fraudi
174 2066 239 2155 rit,
257 2066 356 2163 qaod
368 2092 414 2139 ca
433 2076 607 2166 tanquam
626 2066 932 2167 proportionalia
961 2066 1074 2141 habc-

33 2189 154 2267 ποίαν,
172 2204 256 2276 qua
268 2180 575 2278 proportionalia
592 2206 661 2253 aon
678 2190 774 2267 suat,
794 2179 841 2252 ad
868 2180 1072 2254 arithmeti-

33 2315 112 2365 cam
129 2316 206 2366 non
222 2293 393 2389 pertinet,
407 2293 472 2367 sed
488 2293 536 2367 ad
562 2293 842 2390 philosophiam,
860 2304 903 2365 nt
930 2316 975 2365 ex
1005 2317 1071 2368 suo

32 2405 147 2502 ipsine
174 2406 341 2502 exemplo
374 2420 431 2479 est
465 2407 713 2480 manifestum.
768 2406 909 2495 Posito,
939 2407 1071 2504 inquit,

33 2518 133 2618 qnod
140 2519 302 2616 pondua,
318 2520 510 2618 gravitate
526 2545 596 2593 aaa
616 2530 760 2608 motam,
780 2519 918 2592 duobus
936 2530 1072 2619 tempo·

33 2633 86 2705 rio
111 2632 300 2705 nomentio
319 2640 368 2706 20
380 2634 502 2731 pedet
529 2633 730 2706 descendat
735 2661 749 2716 ;
774 2642 965 2731 quaeratur
981 2644 1071 2732 quot

33 2743 146 2843 pedet
165 2744 424 2817 deacmaarum
440 2745 492 2818 ait
504 2746 688 2818 momentis
705 2753 761 2819 10.
807 2746 852 2818 Si
856 2747 935 2840 fiat
947 2746 1070 2821 multi-

33 2856 189 2956 plicatio
202 2858 341 2929 numeri
367 2858 473 2930 tertii
492 2881 568 2957 per
585 2858 790 2946 secandum,
810 2868 918 2954 atque
936 2859 1069 2932 divisio

33 2969 206 3068 producti
208 2993 282 3067 per
286 2971 461 3069 primum,
467 2970 637 3068 prodibit
649 2980 812 3067 quartus,
831 2979 914 3045 100.
941 2971 1070 3044 Atille

33 3106 201 3156 nume
214 3083 370 3180 quatita
387 3108 457 3156 aaa
475 3083 679 3179 catipfacit.

80 3195 129 3269 B.
158 3195 292 3268 Nonne
310 3219 397 3291 ergo
422 3195 572 3292 Regnlae
591 3197 722 3269 Aureae
741 3195 919 3284 definitio,
933 3195 1070 3269 tradita

33 3309 137 3383 initio
150 3309 260 3403 hujus
277 3307 429 3404 Capitis,
445 3309 537 3382 falsa
554 3307 634 3382 est?

81 3422 130 3495 A.
159 3421 326 3495 Minime.
362 3421 435 3494 Sed
452 3445 626 3494 numerus
642 3422 705 3517 qui
722 3422 760 3494 in
777 3445 852 3494 una
868 3421 1069 3517 quaestione

34 3534 215 3608 mundus
237 3545 306 3623 est,
336 3535 375 3606 in
404 3535 476 3608 alia
503 3534 613 3607 debet
640 3534 794 3607 fortasse
825 3559 902 3608 esse
924 3535 1069 3608 tertius,

34 3646 226 3735 Praeterea,
238 3648 415 3743 quaeritur
431 3646 640 3742 aliquando,
652 3644 748 3719 datis
762 3648 879 3721 tribus
896 3648 1069 3738 numeris,

34 3764 112 3860 quis
130 3763 181 3836 sit
199 3762 248 3835 ad
263 3763 413 3835 tertium
431 3762 470 3834 in
486 3762 630 3834 ratione
658 3761 767 3857 primi
794 3760 840 3833 ad
868 3761 1071 3833 secundum

33 3875 219 3973 duplicata
234 3875 293 3949 vel
306 3875 502 3972 triplicata,
517 3897 584 3970 pro
601 3874 744 3946 ratione
761 3897 884 3946 rerum
901 3897 1072 3947 numera-

33 4000 175 4070 torum:
202 3999 245 4060 nt
262 3988 299 4060 in
327 3986 397 4059 hac
420 3987 500 4082 ipsa
516 3986 730 4081 qnaestione,
752 3986 816 4058 nbi
838 3987 966 4080 gravia
994 4008 1072 4058 non

33 4112 251 4197 percurrunt
268 4101 387 4196 spatia
403 4099 442 4171 in
465 4097 592 4171 eadem
619 4099 773 4188 ratione,
792 4097 856 4170 sed
885 4098 923 4170 in
952 4098 1072 4194 dupli-

33 4229 114 4287 cata
130 4226 404 4286 momentorum
432 4210 629 4308 temporis3
656 4221 698 4283 nt
714 4235 736 4283 a
753 4211 893 4284 Galileo
924 4209 1074 4283 demon·

33 4339 189 4400 stratum
202 4324 310 4397 estin
330 4323 494 4419 Dialogis
507 4323 553 4395 de
567 4323 698 4407 Motu;
726 4323 764 4396 id
776 4323 875 4420 qnod
887 4322 1074 4395 Wallisius

34 4439 178 4512 nesciit.
211 4436 298 4511 Qua
313 4437 456 4509 ratione
467 4435 696 4509 descendunt
707 4437 845 4531 gravia,
858 4436 917 4508 vel
930 4433 1075 4509 fluidae

33 4550 295 4639 vmeefflunnt,
306 4573 381 4624 non
393 4560 449 4622 est
458 4549 679 4623 arithmetici
692 4549 836 4637 docere,
847 4547 912 4622 sed
921 4547 1076 4647 physici.
