2618 5092
228 657 301 725 366
454 673 509 728 ua
528 674 833 731 uanumuururr
852 672 1047 731 crucum.

52 865 136 907 nor.
145 865 175 907 v.
224 840 274 915 ad
289 865 417 916 arcum
443 842 668 943 descriptum
690 843 738 919 ab
755 842 836 934 All,
851 843 909 919 ita
931 864 1048 917 arona
1072 840 1263 972 descripta

38 934 271 1028 ἱ’Ὺψειὺ
289 956 361 1029 Ax
378 956 427 1031 ad
443 956 506 1032 DS
521 958 582 1031 vel
599 956 680 1032 Ro.
714 956 798 1031 Erit
812 956 928 1031 etiam
936 953 1263 1031 ntsomimisaroua

224 1069 291 1143 BD
308 1070 358 1144 ad
374 1072 562 1146 semissem
579 1094 687 1145 arona
709 1070 888 1168 descripti
909 1068 961 1145 ad
977 1068 1088 1159 ΑΕ,
1075 1078 1133 1143 ata
1151 1067 1262 1143 mir

223 1183 274 1255 sis
290 1206 399 1256 arcus
416 1183 593 1281 descripti
617 1184 666 1258 ab
682 1183 755 1257 Ax
771 1183 820 1257 ad
837 1182 919 1257 Ro,
971 1179 1164 1257 Transibit
1183 1202 1261 1279 ergo

222 1318 331 1369 arcus
347 1296 394 1369 ab
418 1295 490 1369 Ax
507 1320 576 1393 per
591 1308 773 1394 puuctum
786 1295 832 1371 0.
886 1294 964 1371 Sed
980 1295 1051 1370 ΑΟ
1070 1294 1195 1369 marlia
1213 1304 1261 1369 aa

224 1408 511 1505 proportionalis
527 1410 625 1482 inter
642 1408 792 1507 duplam
809 1407 1088 1484 suerranum
1100 1408 1181 1483 R0.
1202 1407 1261 1481 llst

223 1532 350 1595 autem
377 1521 508 1595 eadem
528 1522 597 1597 ΑΟ
624 1520 746 1596 media
772 1520 1062 1618 proportionalis
1088 1520 1185 1595 inter
1204 1518 1260 1595 llll

224 1645 262 1707 et
281 1643 440 1729 quatuor
466 1635 546 1730 ejus
562 1636 737 1732 quintas;
763 1646 802 1708 et
817 1646 1021 1731 propteroa
1031 1644 1159 1732 potest
1177 1634 1261 1707 rios·

224 1747 375 1845 onplum
391 1747 470 1842 ejus
488 1746 588 1845 qnod
603 1759 728 1844 potest
743 1770 831 1844 pars
846 1746 982 1845 quintu
996 1746 1094 1821 radii
1112 1746 1199 1831 AB3
1227 1744 1260 1819 irl

223 1871 293 1950 est,
311 1860 532 1956 quadratum
546 1860 594 1935 ab
611 1860 681 1936 AO
697 1871 757 1935 eat
771 1859 821 1934 ad
837 1859 1064 1956 quadratum
1081 1860 1211 1936 Aaou
1224 1870 1260 1933 ut

221 1974 307 2048 «lad
319 1985 355 2048 5.
392 1976 517 2050 Quare
531 1974 752 2074 quadratum
766 1975 812 2049 ab
830 1973 900 2049 Ro
912 1985 973 2049 est
987 1974 1038 2051 ad
1050 1974 1259 2073 quadratum

223 2087 356 2161 ABCD
374 2100 416 2161 ut
435 2099 457 2163 2
476 2090 525 2163 ad
542 2099 578 2168 5.

275 2199 412 2274 Coroll.
425 2202 449 2274 i.
477 2202 654 2297 Sequitur
670 2201 769 2291 hino,
783 2200 814 2274 si
832 2199 994 2274 ducatur
1011 2214 1119 2277 recta
1131 2201 1196 2301 gd
1206 2225 1256 2299 pu·

223 2312 350 2386 rallela
366 2312 441 2403 BC,
461 2337 589 2387 secans
607 2312 674 2387 AB
690 2312 730 2386 in
744 2336 788 2412 g,
813 2312 916 2386 illam
934 2312 998 2412 dg
1014 2314 1176 2389 mediam
1191 2336 1257 2388 asse

223 2425 538 2521 proportionalem
556 2426 654 2499 iuter
671 2428 739 2525 Ag
756 2437 795 2498 et
811 2425 930 2523 ipsam
949 2427 1036 2526 dg;
1063 2441 1104 2503 et
1119 2427 1256 2525 proinde

223 2539 402 2612 utramvis
428 2563 555 2612 earum
583 2539 763 2637 aeqnalem
790 2562 869 2612 esse
895 2539 1054 2616 dimidio
1084 2565 1190 2615 arcus
1204 2562 1257 2638 per

224 2650 303 2737 BD,
321 2650 360 2724 id
378 2664 435 2725 eat
452 2652 632 2748 aequulem
649 2676 729 2726 esse
746 2653 850 2725 arcui
867 2653 940 2727 ΒΡ.

276 2761 419 2838 Coroll.
450 2764 488 2838 ii.
540 2766 638 2840 Quia
672 2766 741 2839 Ad
771 2777 894 2862 potest
921 2768 1161 2865 quintuplum
1192 2769 1254 2863 eju

223 2875 324 2971 quod
342 2889 464 2972 potest
479 2878 695 2952 semiradius
710 2878 784 2967 BE,
801 2879 941 2974 poterit
958 2879 1021 2979 dg
1038 2881 1255 2978 quintuplum

223 2990 303 3083 ejus
320 2990 420 3085 quod
445 3001 570 3087 potest
596 3004 728 3087 quarta
754 3014 839 3086 pars
861 2991 959 3065 radii
981 2994 1073 3077 AB3
1099 3006 1138 3069 et
1157 2994 1254 3068 amba

222 3102 330 3175 simul
356 3103 394 3176 in
419 3128 531 3178 unam
555 3118 696 3178 rectam
720 3105 935 3199 composita
962 3118 1125 3204 possunt
1146 3106 1254 3181 decem

222 3215 463 3301 semiradios;
489 3217 657 3315 sequitur
680 3240 761 3290 eam
779 3240 863 3313 quae
879 3232 1005 3315 potest
1022 3219 1152 3295 decom
1169 3216 1254 3294 semi·

223 3329 359 3420 radios,
377 3331 557 3428 aequalem
574 3354 654 3405 esse
670 3331 773 3405 arcui
791 3331 869 3405 BD.

579 3554 830 3608 Paoposrrlo
849 3557 907 3608 vl.

274 3681 393 3755 Recta
409 3683 471 3756 DS
488 3684 639 3780 aeqnalis
661 3697 719 3758 est
738 3683 881 3759 duabus
902 3686 1045 3783 quintis
1069 3711 1176 3762 arona
1192 3686 1256 3761 BD.

273 3794 366 3866 Cum
385 3798 484 3869 enim
503 3797 566 3869 DS
578 3799 659 3893 (per
675 3799 966 3895 praecedentem)
984 3801 1111 3876 madia
1127 3802 1175 3876 sit
1189 3822 1258 3899 pro

222 3906 440 4002 portionalis
457 3910 553 3982 inter
570 3912 636 3984 AB
646 3912 705 3985 vel
722 3912 800 4001 DC,
815 3924 853 3986 et
870 3912 962 3986 duas
980 3913 1099 4010 ipsius
1114 3916 1258 4013 quintas,

221 4019 294 4092 erit
320 4045 429 4094 arcus
458 4023 516 4096 ST
546 4023 667 4097 media
693 4026 982 4122 proportionalis
1016 4028 1118 4102 iuter
1146 4050 1259 4103 arcum

222 4133 288 4207 BD
315 4147 353 4207 et
378 4134 470 4209 duas
496 4138 642 4232 quintas
663 4149 786 4234 partes
813 4139 978 4236 ejusdem
1000 4165 1125 4217 araus.
1177 4143 1260 4216 Sunt

220 4260 345 4320 autem
373 4250 548 4323 continue
571 4252 867 4347 proportionales
897 4252 981 4327 duae
1007 4256 1150 4351 quintae
1179 4250 1260 4328 radii

221 4361 287 4432 AB
306 4362 363 4433 vel
381 4363 458 4450 DC,
477 4376 581 4436 recta
605 4366 678 4453 DS,
702 4379 804 4439 recta
831 4366 908 4455 DC,
927 4391 1037 4441 arcus
1056 4369 1151 4454 ΒΙ);
1184 4391 1260 4442 oon·

220 4474 323 4546 tinne
351 4478 462 4549 etiam
490 4480 785 4574 proportionales
806 4480 889 4554 duae
905 4482 1049 4577 quintae
1067 4508 1177 4558 arcus
1193 4480 1260 4568 BD,

219 4597 320 4660 totus
345 4612 452 4664 arcus
470 4591 540 4679 ST,
560 4605 598 4667 et
621 4617 729 4668 arcus
756 4593 836 4668 BD.
887 4594 961 4668 Sed
980 4596 1020 4670 in
1037 4610 1196 4695 utroque
1210 4616 1260 4669 or·
