2618 5092
268 662 590 719 mnnnnmnmcn
611 656 876 719 rennuentem·
1047 649 1093 726 57

49 825 238 924 nilnllor‚
275 846 323 909 ut
355 833 548 931 longitudo
582 859 690 910 arcus
724 835 852 910 circuli
890 834 1095 931 comparari
1127 858 1279 901 unrocus

49 948 159 1044 possit
175 970 270 1020 cum
294 958 400 1021 recte
425 946 532 1036 linea,
558 948 660 1045 quod
685 949 826 1023 faciunt
851 948 1095 1045 cyclometrae,
1134 940 1279 1046 ,ΕΑ

50 1084 111 1158 per
126 1059 348 1134 doctrinam
365 1060 595 1156 tangentium
614 1075 653 1134 et
670 1062 886 1135 secantium.

95 1171 143 1247 A.
169 1172 279 1250 Quid
295 1174 376 1247 its?

98 1287 147 1362 Β.
173 1286 316 1360 Nonne
333 1296 457 1383 potest
472 1299 594 1362 sector
611 1288 738 1361 circuli
755 1288 908 1385 quilibet
920 1288 960 1360 in
972 1296 1095 1383 portes

54 1400 235 1497 quotlibet
253 1399 383 1489 dividi,
401 1423 484 1497 quae
506 1413 629 1497 portes
652 1425 778 1475 omnes
805 1413 913 1475 erunt
941 1400 1095 1474 totidem

55 1522 214 1589 sectores
231 1513 422 1587 minore?

103 1625 152 1700 Α.
179 1627 319 1700 Potest.
374 1625 596 1701 Quintum?

103 1740 155 1812 B.
182 1739 320 1814 Nonne
335 1750 458 1814 sector
475 1740 629 1836 quilibet
645 1740 781 1815 desinit
797 1742 836 1814 in
852 1749 1029 1836 punctum
1045 1738 1057 1810 i

102 1851 154 1926 A.
182 1852 251 1926 lte.

108 1965 158 2039 Β.
185 1965 226 2039 Si
243 1965 536 2062 ergoquadrons
559 1966 698 2057 circuli,
726 1965 882 2062 exempli
908 1989 1030 2054 cause,
1057 1966 1096 2038 in

58 2079 189 2153 millies
213 2079 314 2153 mille
341 2089 502 2152 sectores
525 2080 686 2153 minores
714 2078 851 2152 divisus
877 2079 948 2163 sit;
974 2102 1097 2151 nonne

58 2193 168 2268 iidem
186 2205 348 2268 sectores
365 2192 557 2290 compositi
574 2204 660 2267 sunt
677 2191 888 2288 quadrans?

104 2307 157 2381 A.
182 2306 317 2380 Etiam.

104 2420 157 2494 Β.
182 2419 234 2493 Et
258 2443 345 2492 cum
368 2442 474 2493 arcus
500 2419 554 2492 illi
578 2442 706 2492 orcum
728 2418 958 2492 constituunt
983 2416 1097 2514 quod-

59 2532 186 2623 rontis,
210 2556 337 2607 nonne
362 2542 401 2607 et
427 2544 554 2607 centro
577 2557 705 2607 eorum
728 2533 953 2607 constituent
982 2530 1099 2627 quad·

60 2645 175 2720 rantis
191 2656 374 2720 centrum.
1090 2726 1095 2737 ‚

104 2759 156 2833 A.
183 2759 326 2842 Recte3
368 2769 406 2832 et
448 2758 534 2854 quis
575 2767 743 2832 centrum
784 2757 998 2854 quadrantis
1031 2782 1098 2854 pro

59 2885 197 2969 puncto
213 2871 345 2946 haberi
360 2882 496 2967 potest,
520 2870 735 2945 habebimus
757 2883 936 2967 punctum
953 2871 1100 2967 punctis

59 2985 189 3059 millies
211 2984 375 3058 millibus
392 2983 544 3080 aequele.
603 2984 688 3058 Jam
718 2984 781 3079 qui
809 2984 1041 3080 tangentium
1063 2994 1102 3056 et

60 3097 260 3172 secantium
285 3097 558 3194 magnitudines
578 3097 774 3183 calculant,
798 3120 867 3192 pro
884 3108 1024 3193 puncto
1041 3119 1102 3168 su-

60 3223 165 3285 munt
182 3211 300 3284 totins
322 3232 429 3284 orcus
452 3210 638 3298 dividendi
664 3222 857 3294 centrum
883 3222 922 3282 et
946 3208 1101 3306 proinde

60 3323 273 3399 latitudines
297 3323 478 3397 linearum
506 3327 663 3422 majores
682 3326 796 3420 justo,
819 3346 963 3420 nempe,
990 3346 1101 3395 unam

61 3438 195 3512 lineam
229 3436 304 3511 alio
337 3436 506 3511 letiorem
538 3437 693 3522 faciunt,
728 3447 766 3511 et
794 3461 863 3533 pro
896 3436 1102 3511 exilissimis

61 3551 265 3626 sectoribus
282 3550 479 3624 exilissima
496 3561 711 3648 computent
728 3550 953 3647 rectongole.

107 3662 156 3739 Β.
185 3662 359 3738 Secunda
391 3662 557 3737 definitio
592 3676 660 3751 est,
690 3663 789 3737 linea
818 3672 877 3736 est
911 3662 1103 3761 longitudo

61 3802 138 3875 poce
154 3775 298 3850 stelbom
314 3774 424 3850 habet
441 3775 684 3850 ntitndtnem.
736 3776 940 3850 Videturne
957 3776 1078 3849 bona?

107 3893 158 3966 A.
185 3891 353 3965 Minime.
417 3890 633 3988 Numquid
663 3914 755 3987 opus
787 3900 843 3964 est
872 3889 1105 3963 latitudinem

61 4029 197 4103 negare
233 4004 281 4079 de
314 4002 555 4100 longitudine,
596 4005 702 4101 qussi
744 4002 939 4100 longitudo
982 4001 1105 4098 eliqua

60 4130 183 4216 posset
198 4132 256 4192 est
272 4116 373 4191 latu?
426 4116 603 4192 Quemvis
627 4119 725 4191 enim
751 4116 855 4190 filum
879 4141 994 4189 unum
1020 4115 1104 4200 alio,

61 4233 116 4307 vel
132 4232 268 4306 semita
279 4253 356 4303 una
372 4230 444 4304 elis
459 4231 569 4304 latior
586 4254 664 4303 esse
677 4240 812 4326 potest,
826 4241 950 4303 tomen
963 4228 1104 4301 miliare

61 4369 173 4420 unum
189 4346 305 4420 latius
327 4368 406 4418 esse
429 4368 505 4418 non
529 4355 653 4440 potest
681 4367 792 4440 quam
821 4342 922 4416 aliud
951 4340 1103 4415 miliare.

62 4461 124 4535 nst
140 4473 269 4536 sutem
286 4482 364 4532 non
381 4458 484 4532 filum
500 4482 569 4531 nec
587 4457 718 4531 semite
732 4458 801 4531 viae
819 4454 1021 4552 longitudo,
1040 4450 1105 4525 sed

61 4576 212 4652 miliare.
278 4571 451 4648 Euclides
479 4597 568 4670 ergo
602 4573 642 4646 in
673 4570 882 4646 definiendo
907 4569 1005 4643 lineo
1033 4567 1105 4640 hoc
