2618 5092
216 649 289 715 516
492 661 781 725 conponunt
798 666 989 737 crucum,

16 854 200 898 erronum
239 830 452 905 Quoniam
479 854 570 929 ergo
595 832 635 905 in
656 832 759 907 iet
747 832 791 907 rii
813 832 1009 931 oeqnelitm
1039 832 1125 907 haee
1140 846 1256 931 operte

25 924 469 1019 *fldemonstrata
485 960 554 1035 est,
572 945 1002 1043 tollitnrhaecobjeetio.
1248 972 1254 979 ·

265 1057 449 1144 Secundo,
472 1059 560 1156 quia
582 1058 804 1156 quadratum
829 1084 854 1133 a
879 1058 929 1134 Gi
950 1082 1031 1136 non
1051 1070 1112 1135 est
1127 1058 1254 1157 equote

219 1180 264 1247 10
281 1171 470 1268 quadratis
486 1196 511 1246 a
526 1172 736 1247 semiredio.

266 1285 365 1359 Quia
381 1285 454 1359 hoo
471 1285 583 1359 etiam
599 1286 736 1359 iterum
757 1285 1057 1361 demonstratum
1083 1294 1143 1361 ert
1165 1284 1253 1375 adr,

214 1410 255 1471 et
270 1411 459 1471 ostensum
476 1411 533 1472 est
542 1398 592 1472 ed
601 1400 652 1473 vii
662 1414 882 1497 argumente
891 1398 972 1496 ejus
983 1400 1179 1473 numerica
1189 1423 1253 1473 on·

213 1511 278 1584 nia
294 1534 374 1584 esse
384 1510 535 1585 vitioso:
551 1513 669 1587 firmae
682 1525 770 1587 sunt
783 1512 809 1602 i,
818 1512 872 1603 iii,
885 1512 935 1603 iv,
948 1537 984 1605 v,
997 1513 1049 1601 vi,
1065 1512 1129 1605 vii,
1139 1512 1250 1587 etviii

455 1786 511 1839 An
530 1787 878 1842 puorosmonnu
896 1788 959 1856 lx,
977 1788 1022 1841 X.

266 1914 504 2013 Objectionen
520 1928 653 1991 contre
674 1917 712 1992 ix
738 1927 777 1994 et
792 1942 816 1992 x
833 1916 1008 1992 refutotae
1033 1929 1126 1990 sunt
1148 1916 1186 1990 in
1205 1938 1252 1989 ro

215 2030 412 2127 sponsione
442 2054 525 2104 mea
553 2029 603 2104 ad
627 2031 697 2104 rii:
722 2055 869 2129 unaque
897 2030 936 2104 in
964 2030 1066 2104 illius
1096 2030 1253 2127 operibns

216 2155 303 2217 sunt
318 2143 544 2240 geometrica
563 2146 662 2240 (quae
679 2143 828 2241 quidem
846 2168 914 2217 sua
926 2146 1028 2237 sunt)
1038 2144 1165 2219 omnia
1177 2166 1253 2219 con·

217 2255 350 2347 fututa,
367 2269 411 2331 ut
427 2281 510 2355 quae
523 2256 625 2333 falsis
642 2258 834 2356 principiis
851 2256 1076 2333 innituntur.

492 2519 548 2572 An
568 2520 913 2573 PROPOSITIONEM
933 2521 996 2572 xl.

268 2648 408 2722 Contra
425 2649 473 2737 xi,
492 2672 574 2745 quae
592 2660 647 2722 est
664 2650 745 2723 haec
760 2650 862 2723 z-Si
892 2649 1053 2723 ducatur
1078 2662 1180 2724 recte
1195 2652 1254 2737 Aa,

219 2763 386 2836 dividens
421 2786 547 2834 arcum
583 2763 650 2835 PV
684 2763 866 2851 bifariam,
901 2787 1032 2836 secans
1067 2764 1164 2837 latus
1195 2764 1255 2836 CG

219 2879 256 2949 in
275 2901 311 2965 a,
331 2876 401 2948 erit
419 2876 477 2948 Ga
494 2886 651 2969 tangens
671 2899 779 2948 arcus
803 2884 851 2949 30
874 2875 1123 2970 graduum-z
1150 2877 1256 2972 primo

218 2990 517 3086 supputationem
546 3013 649 3061 suom
683 2990 811 3084 objicit
845 2990 942 3063 hanc
957 3004 1079 3064 2—est
1113 2989 1256 3086 angulus

218 3100 393 3195 0A11=¹-
401 3101 495 3157 =-³·
498 3114 586 3192 ,et
618 3100 776 3194 Assr=3
766 3101 891 3194 :³²3-
909 3102 1017 3176 unius
1052 3104 1159 3192 recti,
1192 3125 1256 3175 non

245 3259 327 3288 -.-
381 3218 487 3302 Vide,
504 3216 634 3300 lector,
652 3240 700 3287 an
726 3162 888 3289 dribitaii
915 3217 1036 3312 possit
1067 3219 1157 3314 quin
1178 3216 1257 3289 scri-

217 3279 379 3405 tiendum
398 3344 494 3403 esset
512 3355 579 3425 pro
598 3329 699 3415 cna,
720 3330 836 3401 cat:
856 3352 1032 3426 errorque
1049 3343 1148 3404 esset
1166 3344 1257 3427 typo

218 3446 362 3541 graphi,
382 3468 491 3538 quem
519 3440 703 3538 quidem
694 3465 732 3513 ιιι
763 3465 830 3513 suo
858 3441 952 3515 libro
977 3442 1186 3529 emendare,
1202 3438 1257 3514 sed

218 3582 339 3653 neque
371 3558 530 3651 objicere
560 3577 678 3649 neque
701 3553 857 3625 recitare
884 3552 1013 3627 debuit
1040 3553 1158 3628 lector
1182 3578 1257 3627 can·

219 3672 338 3744 didus.
392 3669 503 3743 Quod
533 3683 658 3740 autem
684 3667 732 3739 ad
759 3667 1052 3763 propositionem
1081 3668 1177 3740 serio
1201 3691 1257 3761 op·

218 3785 336 3883 ponit,
353 3783 424 3853 hoc
443 3793 519 3853 est:
545 3780 646 3877 quod
657 3789 835 3877 punctum
860 3804 1063 3852 concursus
1080 3791 1257 3854 rectarum

219 3901 273 3972 Bt·
292 3906 328 3969 ct
346 3898 414 3981 Aa,
433 3895 508 3965 crit
526 3905 639 3966 extro
653 3894 893 3991 quadratum.

270 4013 369 4083 Bene
388 4020 463 4079 est:
483 4020 522 4078 at
535 4020 647 4079 rectae
663 4008 720 4079 Aa
733 4007 868 4103 positio
887 4007 1025 4079 mutari
1038 4031 1117 4081 non
1134 4017 1257 4104 potest.

219 4125 293 4197 Sed
310 4123 402 4210 ficri,
421 4119 553 4214 inquit,
568 4133 690 4215 potest
700 4134 744 4192 ut
758 4121 811 4192 Br
823 4118 1005 4215 producta
1017 4144 1096 4193 non
1107 4131 1259 4194 transeat

217 4263 284 4334 per
302 4263 337 4325 (ι,
356 4235 442 4331 qnia
453 4234 510 4306 Ga
522 4236 639 4329 major
653 4247 709 4305 est
722 4258 833 4329 quam
847 4258 936 4307 vero
948 4247 1110 4329 tangens
1128 4243 1259 4330 :rogn-

218 4353 357 4423 duum:
389 4362 564 4419 caeterurn
582 4349 633 4419 ssr
650 4371 875 4421 concurrens
893 4372 979 4421 cum
996 4349 1058 4421 Aa
1076 4350 1259 4445 producta,

216 4466 328 4536 faciet
346 4462 521 4557 angulum
539 4460 777 4557 {equalem-1}
796 4462 904 4535 unius
922 4462 1030 4538 recti.
1085 4464 1179 4537 Haec
1196 4463 1258 4535 ille.

217 4574 400 4648 Concedit
418 4597 506 4669 crgo
524 4588 663 4649 rectam
676 4576 729 4648 Br
742 4589 783 4648 ut
798 4575 877 4650 vult
893 4575 1130 4673 productam,
1147 4600 1259 4653 secon-
