2618 5092
216 630 293 701 520
493 648 987 719 uuanuarnaacrncunr,

18 838 45 881 n
59 838 145 881 raon.
159 838 193 882 rc
215 813 485 911 objectionibus
494 812 1249 913 geometrarumcognitis,quicquiderras

28 906 173 943 ψ
215 950 294 1001 sem
325 928 653 1025 (quemadmodum
682 930 771 1025 feci)
802 928 1051 1004 emendarem.
1114 928 1248 1029 laquo

214 1041 307 1116 mihi
322 1041 429 1133 bene,
446 1044 719 1119 correctoribus
736 1043 828 1119 meis
843 1042 1025 1119 successit
1040 1042 1152 1119 male.

431 1331 488 1385 An
508 1330 791 1385 PROFESSORIS
809 1329 1045 1385 trutmonia.

264 1474 448 1571 Pugnavit
464 1474 654 1549 Professor
670 1473 710 1547 in
732 1471 1028 1569 praecedentibus
1046 1470 1094 1545 de
1112 1470 1250 1547 castello

213 1586 374 1685 quodam
392 1588 429 1661 in
447 1588 651 1684 geometria
668 1588 780 1675 uno*,
800 1600 838 1661 et
855 1585 1066 1660 infeliciter.
1115 1586 1159 1660 ln
1175 1586 1251 1683 Epi·

212 1700 300 1798 logo
316 1714 441 1775 autem
468 1700 675 1797 triumphos
699 1723 786 1774 suos
810 1700 1022 1796 praeteritos
1046 1698 1095 1773 de
1121 1700 1251 1773 caeteris

213 1816 293 1911 ejus
303 1814 472 1912 partibus
485 1827 717 1903 annumerat,
732 1814 881 1911 quas,in
895 1812 1071 1910 operibus
1085 1813 1177 1887 meis
1186 1838 1263 1907 nou,

212 1945 314 2009 recte
339 1943 516 2006 tractatas
542 1932 713 2021 antehac,
734 1955 758 2005 a
779 1955 820 2005 se
846 1930 1027 2005 reflatatns
1052 1955 1134 2005 esse
1159 1930 1250 2005 dicit.

213 2048 339 2122 Quare
364 2045 514 2118 autem?
566 2041 748 2135 Quoniam
774 2044 982 2133 ambitione,
1009 2044 1144 2141 inquit,
1168 2068 1251 2143 opat

211 2184 295 2235 cese
319 2156 516 2231 videbator
540 2156 664 2257 qualia
673 2158 839 2256 fuerim,
869 2182 917 2231 nc
946 2156 1081 2256 magni
1107 2158 1251 2231 nominis

210 2272 359 2346 obtentu
371 2270 608 2368 aliiafraadr'
619 2295 746 2345 cereta.
781 2272 868 2345 Non
882 2270 1059 2345 videntur
1075 2272 1251 2369 mihique

210 2386 272 2459 hic
290 2386 390 2470 dicit,
409 2384 503 2457 bene
521 2385 719 2458 cohaerere.
771 2383 833 2456 Ne
855 2382 957 2472 aliia,
975 2384 1251 2481 inquit‚srurdi

210 2523 339 2572 essem.
393 2497 537 2573 Quibus
564 2498 671 2571 aliis?
723 2498 782 2571 An
805 2497 1032 2594 geometris?
1087 2502 1139 2572 At
1156 2498 1251 2571 valde

210 2612 331 2707 pauci,
349 2623 413 2683 aut
430 2610 521 2683 nulli
540 2611 690 2683 omnino
714 2622 815 2698 sunt,
834 2622 967 2706 praeter
984 2610 1186 2706 discipulos
1201 2611 1252 2683 vel

211 2723 482 2819 condiscipulos
507 2724 616 2811 illius,
644 2725 708 2819 qui
733 2722 864 2795 iisdem
889 2737 1050 2796 utuntur
1071 2725 1251 2822 principiis

210 2860 293 2932 qum
311 2835 422 2908 modo
436 2836 595 2908 absurda
609 2859 687 2907 esse
702 2834 822 2908 docui.
877 2833 934 2907 llli
949 2858 1040 2932 ergo
1054 2860 1132 2909 non
1144 2836 1251 2933 magis

209 2950 412 3022 monitione
452 2972 544 3046 opus
583 2948 757 3036 habuere,
799 2971 908 3043 quam
943 2948 1136 3023 Professor
1169 2951 1250 3047 ipse.

211 3066 315 3139 Quos
332 3087 420 3160 crgo
438 3063 595 3150 monuit,
609 3061 680 3134 nisi
698 3061 780 3134 illos
794 3061 858 3157 qui
876 3061 1094 3135 ratiocinari
1112 3063 1252 3161 quidem

208 3189 425 3273 potuerunt,
439 3176 680 3274 geometriam
694 3188 819 3249 autem
836 3177 1002 3251 nondum
1018 3178 1122 3253 docti
1137 3181 1252 3252 erant?

210 3290 291 3363 Hos
309 3290 474 3363 monuit:
502 3290 625 3378 idest,
644 3288 811 3362 homines
828 3289 971 3362 liberali
996 3291 1149 3387 ingenio
1165 3318 1251 3389 prae·

208 3402 317 3490 ditos
335 3403 502 3477 radicum
525 3402 833 3500 geometricarum
859 3416 898 3476 et
920 3405 1251 3505 symbolographiae
1290 3414 1296 3427 '

208 3517 363 3605 nescios,
393 3516 459 3591 sed
486 3518 628 3589 ratione
658 3515 818 3589 naturali
849 3539 895 3589 ne
926 3519 1082 3592 summis
1110 3520 1250 3618 quidem

207 3630 406 3724 geometris
424 3630 628 3719 inferiores,
646 3629 801 3703 monuit.
838 3630 890 3703 Hi
908 3642 1028 3721 erant,
1048 3633 1149 3728 apud
1165 3657 1251 3732 quos

207 3765 383 3837 magnum
418 3743 508 3814 mihi
537 3766 673 3816 nomen
703 3765 782 3816 esse
811 3741 1015 3817 Professori
1048 3745 1248 3820 videbatur.

207 3854 313 3943 Vide,
331 3855 461 3945 lector,
474 3855 651 3929 invidiam
669 3854 827 3928 hominis
845 3854 1022 3953 theologi.
1060 3859 1174 3934 Quod
1187 3859 1251 3933 viri

205 3968 294 4042 boni
313 3969 358 4042 de
376 3992 435 4042 me
459 3993 535 4042 non
561 3969 656 4043 male
679 3970 852 4059 sentiant,
869 3969 976 4044 valde
1008 3971 1145 4048 laetor:
1171 3998 1250 4047 nam

205 4093 247 4154 ut
265 4106 399 4157 nomen
426 4108 602 4179 magnum
628 4107 710 4157 mea
735 4083 849 4179 ipsius
875 4083 1144 4179 praedicatione
1166 4087 1249 4160 mibi

206 4218 472 4293 compararem,
490 4209 555 4269 aut
580 4194 641 4269 ille
663 4195 731 4268 sibi
749 4196 963 4292 arrogantia
981 4220 1061 4287 sua,
1090 4200 1250 4297 impossi-

204 4306 278 4380 bile
296 4320 365 4383 est.
401 4309 468 4382 Est
485 4333 575 4406 ergo
593 4307 731 4405 aliquid
748 4308 787 4382 in
801 4309 975 4406 operibns
993 4313 1087 4386 meis
1105 4327 1250 4411 propter

394 4604 397 4611 ·
458 4574 475 4607 ‘¹
499 4572 548 4632 Sic
562 4572 631 4632 odit.
650 4574 736 4630 1669.
780 4570 893 4643 Qumrc,
910 4573 998 4630 raca?
