2618 5092
54 832 124 875 ΟΔΡ.
135 833 165 875 V.

43 902 183 939 ι-Ὑω

57 958 160 1006 Dudum

56 1025 156 1072 suunt

224 626 297 693 334
500 638 1001 696 uuounrususuursrce.

224 807 351 881 caeteri
372 808 527 883 effectus
547 806 820 906 producuntur,
842 806 910 885 sed
932 830 958 883 e
978 806 1256 907 reeiprucutione'

224 918 264 992 in
280 920 379 993 lineu
395 944 629 1019 quecunque.

275 1033 346 1107 Pro
364 1057 476 1107 ceusu
492 1058 582 1132 ergo
596 1032 746 1111 duritiei
759 1058 930 1135 suppono
940 1031 1258 1133 reciprocationem

223 1146 325 1219 illam
347 1157 385 1220 et
401 1146 671 1221 velocissimam
693 1170 786 1240 esse,
803 1160 844 1223 et
865 1148 969 1223 intro
991 1146 1117 1247 sputis
1136 1146 1258 1221 meris·

226 1280 331 1332 sumu.

273 1372 323 1446 A.
350 1372 543 1469 Conceptu
564 1370 714 1447 difficile
730 1384 800 1447 est.
851 1372 1009 1449 Utinam
1031 1372 1117 1449 hcc
1137 1371 1257 1449 vinidi

223 1485 348 1581 aliquo
364 1486 616 1583 experimento
633 1484 800 1559 emollire
815 1485 941 1561 velles.

276 1598 325 1671 B.
354 1598 515 1674 Quando
533 1610 678 1673 tensam
693 1597 810 1689 rides,
826 1598 987 1697 exempli
1009 1620 1139 1690 eausa,
1153 1596 1258 1673 bullis

224 1720 323 1785 tum:
349 1723 507 1808 putesne
523 1724 651 1809 portes
666 1712 747 1809 ejus
762 1710 929 1787 moveri?

274 1824 325 1899 A.
352 1824 521 1900 Minime.
573 1824 659 1900 Scio
677 1848 806 1900 omnes
820 1826 1022 1923 quiescere.

276 1936 326 2012 B.
353 1938 551 2014 Quomodo
567 1938 640 2014 hoc
656 1939 753 2013 scire
774 1938 906 2035 potes?
956 1936 1076 2013 Nuilo
1096 1946 1197 2013 certe
1211 1958 1260 2011 ur·

223 2062 414 2148 gumento,
439 2062 688 2151 praeterquom
720 2053 824 2151 quod
856 2052 998 2127 moveri
1029 2074 1111 2127 nou
1142 2050 1260 2125 uernis

224 2164 337 2238 Vides
365 2165 514 2263 quidem
543 2164 719 2239 laminam
744 2176 865 2239 totam
893 2164 1171 2263 quiescentem:
1195 2186 1261 2237 ore·

224 2276 435 2353 dendumne
465 2302 555 2376 ergo
586 2289 643 2353 est
670 2278 859 2377 quiescere
892 2278 1008 2353 etium
1035 2290 1165 2375 partes
1195 2278 1262 2373 ejus

226 2414 354 2463 omnes
371 2392 548 2480 internas,
566 2415 651 2464 cum
668 2404 725 2466 tot
742 2392 817 2466 sint
833 2400 1056 2489 argumenta
1073 2415 1158 2488 quae
1174 2391 1261 2464 evin·

225 2514 316 2575 cunt
333 2503 584 2576 contrarium?

277 2616 325 2687 A.
355 2616 440 2690 Quo
454 2629 673 2712 argumento
687 2629 830 2690 motum
847 2616 966 2690 inesse
980 2616 1131 2690 evinces
1144 2617 1262 2713 inpur-

226 2729 325 2801 tibus
341 2729 488 2802 laminae
506 2730 704 2826 chalybeae,
723 2729 811 2803 dum
825 2740 951 2802 manet
967 2729 1101 2802 tensa?

278 2841 328 2915 B.
355 2841 395 2915 Si
422 2866 576 2915 nervum
597 2867 671 2939 quo
693 2854 842 2917 tenetur
858 2853 965 2916 tensa
991 2841 1192 2932 discindas,
1208 2851 1263 2914 snt

226 2978 446 3052 quocunque
474 2955 584 3028 modo
612 2979 636 3028 u
661 2956 699 3028 vi
725 2955 902 3029 tendente
928 2954 1079 3043 liberes,
1105 2956 1262 3052 protinus

226 3078 367 3141 motum
389 3068 535 3142 laminae
552 3068 693 3142 videbis
709 3068 990 3157 velocissimum,
1008 3091 1084 3166 quo
1107 3092 1148 3143 se
1172 3068 1262 3142 resti·

225 3193 305 3254 tuet
318 3181 365 3254 ad
379 3183 491 3255 situm
504 3181 653 3254 undevi
671 3181 849 3256 tensionis
862 3180 1111 3256 dimotuerut.
1147 3183 1263 3257 Motus

225 3295 334 3390 hujus
352 3319 435 3391 quae
453 3318 563 3367 ceusu
581 3306 636 3367 est
651 3295 664 3366 i

276 3407 326 3480 Α.
353 3409 438 3505 lpse
454 3406 558 3481 nervi
575 3406 725 3500 laxatio,
745 3406 803 3480 vel
816 3405 963 3480 laminae
975 3417 1169 3506 utcunque
1184 3407 1264 3481 libe·

224 3521 321 3593 rutio
338 3545 360 3593 a
377 3522 414 3593 vi
428 3521 614 3594 tendente.

276 3633 325 3705 B.
354 3634 515 3709 Quodsi
536 3633 684 3706 laminae
707 3656 783 3706 non
806 3644 933 3722 tensae,
952 3632 1018 3705 sed
1041 3645 1170 3707 tumen
1192 3654 1266 3707 cur·

223 3746 392 3834 vissimae,
411 3746 533 3842 capita
558 3769 672 3818 nervo
697 3757 1020 3831 connecterentur,
1045 3746 1181 3820 deinde
1203 3745 1267 3819 dis·

224 3858 435 3932 cinderetur
452 3883 603 3932 nervus:
633 3883 707 3932 non
726 3858 854 3932 credes
871 3859 1048 3933 luminum
1065 3861 1169 3934 illam
1184 3870 1265 3933 tunc

225 3996 456 4046 recursuram
474 3996 552 4045 esse
570 3972 618 4045 ad
636 3973 746 4046 situm
769 3973 977 4046 rectiorem.
1031 3973 1076 4047 ln
1094 3998 1169 4071 quo
1185 3995 1266 4068 ergo

225 4085 394 4158 consistit
411 4084 644 4158 differentia?

273 4196 321 4271 A.
348 4198 510 4271 Leminae
533 4210 660 4286 tensae,
679 4198 855 4272 elastrum
879 4200 1068 4294 quoddam
1096 4200 1196 4273 intus
1218 4197 1267 4269 iu·

224 4323 303 4383 est:
329 4310 477 4384 luminae
503 4335 592 4384 vero
624 4310 703 4383 sine
734 4311 902 4385 tensione
930 4336 1069 4404 curvae,
1098 4312 1263 4387 elustrum

223 4423 366 4496 nullum
383 4435 449 4496 est.

273 4535 321 4609 B.
349 4535 449 4612 Quid
467 4548 524 4609 est
541 4535 741 4610 elastrum?
