2618 5092
433 666 769 722 unomnrnanuu.
1048 654 1118 720 411

68 834 219 908 enimsi
245 832 366 931 (qnod
382 834 443 909 ille
461 834 566 931 dicit)
589 849 769 932 punctum
797 835 890 909 nihil
914 846 983 925 est,
1002 836 1122 909 consi·
1181 862 1291 904 caux.

70 946 192 1021 derari
225 960 411 1045 punctum
445 949 542 1022 inter
575 960 792 1046 utramque:
827 972 915 1022 nam
946 949 1123 1044 contigua

70 1070 228 1157 possunt
256 1084 334 1134 non
355 1059 465 1134 modo
492 1060 575 1133 loco
601 1060 774 1157 disjungi,
793 1061 857 1135 sed
875 1060 989 1134 etiam
1006 1061 1122 1157 quali·
1168 1058 1293 1114 pamm.

70 1187 147 1247 tute
163 1173 295 1270 aliqua
311 1172 470 1265 differre,
487 1184 530 1247 ut
553 1174 689 1248 colore.
742 1174 794 1247 Et
822 1184 1021 1272 propterea
1049 1174 1123 1248 duo

72 1298 184 1361 sunt:
212 1298 253 1359 et
270 1286 324 1360 ric
351 1287 566 1360 habebimus
589 1288 662 1359 tria
688 1300 840 1383 puncta,
857 1286 1030 1359 nimirum
1050 1287 1123 1360 duo

71 1398 110 1474 in
126 1399 218 1497 ipsis
235 1399 343 1473 lineis
365 1401 549 1497 contiguis
575 1424 732 1496 qnorum
758 1401 916 1474 altemm
935 1399 982 1472 sit
999 1401 1125 1473 album

72 1513 232 1587 alterum
262 1514 424 1610 nigrum,
442 1526 481 1587 et
505 1515 604 1588 inter
628 1514 692 1586 illa
716 1513 790 1586 duo
816 1524 956 1610 puncta
971 1514 1125 1586 tertium

72 1627 210 1701 nullius
226 1627 373 1701 coloris.
427 1627 751 1702 Quemadmodum
773 1627 885 1700 etiam
907 1626 990 1698 duae
1006 1626 1126 1722 planae

74 1740 287 1837 superficies
316 1740 476 1815 admotae
506 1743 554 1815 ad
580 1752 794 1815 contactum
820 1751 988 1813 mutuum
1015 1751 1125 1812 erunt

73 1853 190 1928 altera
223 1854 320 1944 alba,
352 1855 469 1928 altera
502 1856 621 1952 nigra,
647 1855 765 1928 altera
793 1854 908 1927 nibil:
935 1866 974 1927 et
999 1867 1125 1927 tamen

73 1990 200 2041 omues
215 1968 327 2042 simul
343 1992 419 2042 una
435 1969 662 2066 superficies.

120 2079 210 2154 Nou
228 2079 357 2155 dubito
374 2082 464 2179 quin
487 2082 659 2155 Euclides
686 2092 883 2175 tangentes
900 2039 1124 2155 circulorum

74 2216 219 2290 semper
246 2191 433 2267 ducendas
458 2194 604 2291 putavit
625 2216 693 2290 per
716 2191 980 2267 diametrorum
998 2192 1124 2264 termi-

70 2329 158 2380 nos:
177 2316 291 2401 atque
305 2307 360 2379 ita
372 2319 553 2403 punctum
565 2317 759 2381 contactus
772 2329 917 2402 semper
928 2328 1124 2378 commune

69 2418 157 2494 fecit
183 2418 298 2492 trium
328 2419 523 2508 linearum,
540 2421 729 2506 nimirum,
747 2443 856 2493 arens
883 2417 1025 2506 circuli,
1044 2429 1123 2489 tan·

66 2532 190 2629 gentis
209 2532 398 2623 circulum,
418 2546 457 2606 et
473 2534 581 2607 lineae
608 2533 802 2630 cujusdam
828 2555 896 2631 per
914 2555 1025 2628 quam
1043 2542 1125 2604 tan-

64 2670 155 2743 gens
173 2646 220 2719 ab
238 2668 328 2719 arcu
345 2645 460 2718 dividi
477 2658 515 2720 et
533 2647 620 2723 loco
635 2648 800 2745 separari
813 2659 954 2746 posset.
994 2646 1124 2742 Neque

64 2758 241 2834 credibile
258 2769 325 2850 est,
343 2760 374 2833 si
391 2771 610 2836 contectum
638 2761 729 2858 quid
756 2762 807 2836 sit
832 2761 932 2835 clare
959 2761 1125 2857 explicu-

63 2872 155 2947 isset
170 2872 356 2963 Eucliden,
370 2875 665 2947 controversiam
682 2875 782 2948 inter
801 2875 970 2949 Cluvium
987 2885 1025 2948 et
1044 2874 1124 2947 Pel-

63 2985 237 3060 lutarium
256 2985 302 3059 de
320 2985 457 3082 angulo
475 2999 675 3061 contaetus
691 2988 806 3061 ullam
824 2990 1005 3062 extitisse.

114 3098 294 3173 Definitio
308 3098 452 3172 decima
468 3126 478 3171 z
498 3098 651 3173 Similia
666 3099 802 3174 circuli
814 3111 1007 3200 segmento
1024 3109 1122 3188 aunt,

64 3236 149 3311 quae
166 3211 328 3311 uugrdm
343 3212 500 3310 cupiunt
518 3212 696 3309 ‹equale-r,
715 3223 780 3286 ant
798 3213 978 3310 inquibus
991 3211 1124 3311 anguli

64 3336 155 3399 runt
182 3325 281 3397 inter
309 3349 352 3398 re
379 3323 556 3421 oeqrralea.
609 3325 649 3398 Si
674 3327 714 3399 in
740 3326 884 3399 duobus
920 3327 1122 3422 segmentis

66 3438 293 3513 circulorum
324 3438 429 3511 valde
464 3438 702 3534 inaequalium
728 3440 1019 3513 inscriberentur
1046 3438 1120 3513 duo

65 3552 196 3648 anguli
206 3551 304 3624 inter
315 3573 354 3624 se
366 3551 536 3648 aquales,
548 3552 746 3626 credamne
757 3576 906 3626 omnem
918 3551 1121 3642 hominem,

66 3665 132 3762 qui
166 3675 387 3759 agnosceret
420 3665 642 3761 angulorum
675 3665 824 3738 illorum
858 3665 1121 3760 aequalitatem,

65 3777 275 3851 necessario
292 3777 405 3850 etiam
423 3779 636 3873 agniturum
660 3801 740 3851 esse
762 3777 926 3873 ipsorum
950 3802 1121 3873 segmen-

66 3902 193 3964 torum
213 3889 493 3963 similitudinem
516 3889 644 3963 inferri
667 3913 777 3986 posse
795 3891 1062 3978 ratiocinando,
1081 3890 1121 3963 id

66 4014 136 4094 est,
154 4003 242 4077 inde
253 4002 312 4076 vel
329 4002 478 4076 aliunde
497 4003 743 4077 demonstrari
759 4005 893 4100 posse?
938 4004 1011 4077 Sed
1030 4017 1120 4077 tunc

66 4140 142 4191 non
173 4117 247 4190 erit
280 4115 471 4190 definitio:
496 4140 584 4189 nam
610 4141 655 4191 ea
681 4117 792 4191 debet
821 4141 901 4192 esse
926 4117 1118 4190 indemon-

66 4231 243 4305 atrabilis.

116 4343 212 4418 Cum
235 4343 440 4441 geometria
470 4353 550 4417 tota
566 4353 734 4416 versetur
754 4343 853 4415 circa
877 4343 1117 4438 quantitates,

67 4456 413 4531 commensurabilia
439 4466 477 4529 et
506 4456 904 4543 incommensurabilia,
927 4456 1117 4552 aequalita-

67 4581 141 4645 tem
158 4582 199 4646 et
211 4569 513 4667 inaequalitatem,
527 4572 729 4668 figuramm
743 4570 1000 4666 proportiones
1014 4583 1053 4644 et
1070 4570 1116 4643 si·
