2618 5092
291 662 611 717 Marnnsmmcn
631 660 875 715 nonianus.
1059 650 1105 719 53

57 829 193 921 deinde,
227 845 430 929 resumpta
450 832 603 923 unitate,
627 857 702 906 non
725 831 774 905 ad
795 831 944 931 viginti,
966 831 1029 906 sed
1058 831 1106 906 ad
1141 857 1292 900 ursaceus

57 944 293 1040 quindecim
322 956 361 1020 et
387 969 511 1020 rursus
540 946 698 1043 repetita
718 946 861 1020 unitate
884 946 932 1019 ad
947 945 1084 1045 viginti
1096 978 1105 1031 ;
1145 939 1288 1043 ,ζῇ

57 1057 133 1131 inde
159 1057 214 1132 ad
244 1056 392 1158 viginti
420 1059 589 1157 quinque,
615 1072 654 1132 et
677 1083 700 1131 a
723 1059 859 1157 viginti
880 1057 1038 1156 quinque
1059 1057 1107 1132 ad

57 1171 220 1270 triginti,
241 1182 343 1246 etc:
369 1183 545 1269 tanquam
573 1183 658 1269 post
689 1172 876 1263 decadem,
903 1195 970 1269 per
996 1172 1106 1247 unius

57 1294 199 1360 tantum
235 1308 375 1359 manus
409 1285 545 1382 digitos
575 1297 844 1383 computarent.
896 1285 970 1359 Sed
1004 1310 1107 1360 more

57 1420 115 1472 suo
141 1399 262 1472 nimis
287 1410 442 1490 temere,
460 1423 529 1473 nec
552 1399 641 1473 satis
669 1399 799 1496 logice,
816 1400 1107 1497 propositionem

57 1535 97 1584 ex
108 1511 337 1586 inductione
354 1512 479 1587 intulit
495 1513 750 1588 universalem.
793 1513 1007 1588 Memineris
1024 1538 1106 1589 cras

57 1624 185 1716 redire,
203 1624 314 1699 circa
332 1625 487 1700 eandem
504 1627 645 1701 horam.

57 1762 63 1769 ·
101 1738 150 1814 Β.
179 1738 351 1813 Faciam.
402 1738 504 1812 Vale.

306 2315 557 2391 DIALOGUS
593 2315 867 2391 SECUNDUS.

104 2646 155 2720 A.
182 2646 290 2719 Bene
307 2642 471 2719 advenis.

108 2759 158 2834 Β.
186 2757 355 2833 Gaudeo.

107 2872 159 2947 A.
187 2870 325 2970 Capita
341 2870 414 2945 tria
434 2871 601 2968 proxime
624 2873 815 2968 sequentia
836 2874 988 2970 perlegi,
1018 2873 1105 2947 dam
1214 2888 1218 2897 '

62 2984 218 3060 abesses.
276 2985 375 3058 Sunt
391 2997 516 3059 autem
534 2995 613 3058 tota
628 2986 861 3083 philologica.

110 3098 160 3174 Β.
187 3098 326 3173 Nonne
343 3097 485 3172 erudite
498 3099 637 3196 scripta
654 3100 765 3173 sunt?

107 3211 157 3287 A.
183 3213 246 3286 An
270 3236 354 3310 quae
379 3235 448 3286 nec
468 3212 585 3301 utilia,
608 3236 677 3286 nec
701 3213 805 3303 falsa,
835 3236 904 3286 nec
938 3211 1107 3285 miranda

63 3337 156 3417 sunt,
173 3325 323 3423 placere
341 3349 447 3422 posse
464 3325 682 3400 arbitraris?
736 3326 864 3422 Capite
894 3338 1011 3416 sexto,
1042 3324 1106 3399 nbi

63 3438 257 3535 pollicetur
290 3439 481 3511 nominum
510 3439 755 3513 numeralium
783 3439 1000 3513 Latinorum
1027 3464 1106 3513 om-

63 3550 687 3627 uinmderivationemanominibus
697 3553 945 3627 numeralibus
953 3553 1106 3645 Graecis,

62 3666 152 3740 nihil
167 3675 325 3764 praestat
339 3677 585 3762 praeterquam
603 3666 704 3762 quod
726 3668 978 3764 conjecturam
994 3667 1107 3743 iaciat

63 3778 341 3854 asimilitudine
357 3777 560 3853 literarum.
601 3779 654 3854 Ut
677 3790 820 3853 taceam
845 3791 970 3855 autem
995 3782 1106 3877 quod,

62 3891 230 3990 promissi
247 3891 398 3983 oblitus,
416 3891 566 3966 deducit
591 3893 788 3967 remaclum
811 3917 845 3983 a,
870 3917 946 3967 non
964 3893 1106 3987 Graeco,

63 4028 222 4106 aequom
257 4003 349 4103 quid
373 4005 496 4080 tritius
518 4029 599 4080 esse
621 4017 743 4103 potest
766 4031 878 4103 qnam
903 4007 974 4081 duo
996 4033 1020 4083 a
1044 4017 1105 4100 tto,

64 4129 174 4195 tresa
194 4132 281 4209 τρεῖς,
307 4143 373 4192 sex
390 4120 436 4192 ab
453 4132 491 4210 a,
519 4132 658 4216 septem
683 4121 730 4194 ab
747 4112 827 4211 tna,
858 4133 943 4195 octo
972 4123 1018 4195 ab
1045 4130 1107 4189 tm

64 4232 253 4308 derivare?
317 4232 418 4307 Quid
451 4233 612 4330 ineptius
641 4257 752 4329 quam
784 4231 1107 4320 taliamentum

64 4347 265 4432 deducere;
293 4354 334 4419 et
350 4371 457 4419 unum
474 4345 597 4419 dicere
616 4347 720 4443 quasi
738 4358 754 4415 t
764 4357 807 4436 tr,
823 4346 985 4439 (mallem
1003 4345 1107 4440 quasi

61 4467 155 4558 viror),
177 4474 217 4537 et
234 4460 325 4535 inde
342 4483 410 4554 per
427 4459 592 4551 doenum,
599 4461 794 4558 soterum,
808 4457 968 4548 doenum,
980 4458 1106 4531 venire

63 4574 105 4648 ad
128 4575 290 4660 bouum
317 4572 406 4671 quia
431 4573 615 4649 scholares
636 4572 763 4647 dicunt
781 4597 895 4646 nnnm
914 4583 952 4646 et
967 4573 1106 4646 bonum
