2618 5092
233 657 308 725 356
510 670 792 727 pannonum
809 670 1009 727 curares.

52 865 121 907 cao.
136 866 192 908 vu.
229 837 405 935 ,procedit
421 839 518 913 actio
535 861 610 913 non
627 862 695 937 per
709 838 847 915 lineam
860 836 1078 917 incidentiae?
1093 838 1256 915 continna-

236 965 326 1041 tem‚
345 951 410 1025 sed
432 953 471 1025 in
488 952 573 1043 alia,
589 951 639 1026 cd
659 950 1007 1051 perpendicularem
1021 962 1258 1051 conrergenta

43 1056 165 1109 '‘lm'’
182 1064 224 1103 ’Β
287 1066 338 1139 A.
364 1064 442 1139 Cur
459 1066 537 1139 ite?

287 1178 337 1251 Β.
364 1178 522 1251 Ostendi
533 1189 620 1252 ante
630 1176 731 1275 quod
739 1176 1262 1275 incidendaopenturtmtun

235 1292 274 1363 in
290 1290 598 1388 perpendiculari.
651 1290 727 1365 Sed
743 1290 854 1365 simul
869 1302 985 1389 atque
1000 1290 1105 1367 actio
1118 1288 1264 1389 procedit

235 1402 390 1477 ulterius
405 1427 535 1479 versus
552 1404 711 1494 interna,
728 1416 904 1502 operatur
918 1404 1061 1503 partim
1074 1404 1118 1479 in
1131 1426 1265 1502 perpen

235 1516 402 1604 diculari,
418 1518 555 1614 partim
572 1519 611 1590 in
628 1516 816 1592 incidente
833 1518 1072 1593 continuatae
1089 1528 1268 1616 propteroa

235 1629 336 1726 quod
354 1630 565 1725 majorjam
584 1630 686 1704 iacta
711 1630 923 1706 resistentia
948 1642 1098 1705 motum
1119 1630 1218 1705 illum
1237 1628 1268 1703 in

235 1742 422 1817 incidente
444 1744 664 1817 continuate
689 1741 871 1833 debilitat,
888 1754 928 1817 et
949 1742 1141 1819 convertit
1160 1764 1270 1819 renus

235 1856 588 1953 perpendicularem

286 1969 337 2044 Α.
364 1970 409 2043 ln
436 1969 651 2067 corporibus
679 1968 874 2065 diaphonia
898 1990 1032 2045 rernm
1058 1980 1154 2045 esto.
1211 1964 1273 2043 Sed

236 2094 322 2158 eunt
338 2105 496 2179 corpora
509 2080 627 2155 multa
638 2103 707 2178 per
719 2105 803 2178 quae
819 2082 980 2157 transire
994 2082 1126 2157 lumen
1138 2082 1272 2159 omnino

236 2220 311 2269 non
327 2207 461 2292 potest.

289 2308 337 2381 B.
366 2308 475 2381 Actio
500 2306 649 2403 quidem
676 2330 744 2404 per
770 2331 882 2404 quam
908 2310 953 2383 fit
981 2308 1126 2399 lumen,
1149 2309 1274 2384 nullan

236 2446 311 2494 non
329 2445 464 2517 corpus
481 2433 660 2516 permeat.
712 2420 810 2494 Nam
828 2421 926 2495 actio
944 2421 1028 2496 haec
1055 2423 1196 2519 pressio
1218 2432 1273 2495 est.

237 2533 425 2630 Quicquid
441 2545 566 2606 autem
583 2533 774 2630 premitur,
792 2534 928 2630 premit
945 2534 984 2608 id
1002 2535 1106 2632 quod
1123 2535 1273 2633 proxime

237 2674 260 2721 a
286 2661 392 2744 tergo
420 2659 499 2721 est:
526 2661 565 2720 et
592 2649 663 2720 hoe
686 2647 798 2733 aliud,
821 2649 858 2721 in
891 2648 1096 2722 infinitum.
1150 2650 1274 2723 Lumen

238 2775 362 2835 autem
380 2784 538 2857 corpora
554 2761 724 2856 quaedam
747 2784 823 2834 non
845 2774 1027 2858 permeat.
1083 2763 1183 2836 Nam
1205 2784 1275 2858 par·

238 2876 331 2948 tium
355 2873 587 2970 quorundam
612 2897 810 2969 corporum
837 2874 1073 2949 internarum
1101 2888 1209 2949 tanta
1231 2884 1276 2947 est

238 2986 469 3083 inaequalitas
488 2996 526 3058 et
543 2984 751 3059 differentia
767 2986 890 3081 quoad
906 2987 1060 3083 figuras,
1077 2998 1122 3060 nt
1139 2985 1275 3060 actioin

240 3101 399 3173 transitu
422 3099 625 3173 innumeris
643 3098 926 3173 refractionibus
955 3114 995 3173 et
1018 3100 1276 3174 reflectionibus

240 3215 293 3286 ita
319 3213 544 3300 debilitetur,
561 3224 604 3285 ut
629 3224 829 3307 antequam
852 3214 1115 3308 permeaverit,
1138 3213 1276 3288 debilior

238 3327 305 3399 fiat
322 3349 434 3421 quam
450 3325 547 3397 utin
566 3347 706 3420 organo
724 3325 873 3398 videndi
890 3326 1072 3399 visionem
1089 3326 1277 3424 producere

241 3441 368 3534 possit.

293 3551 342 3624 Α.
370 3552 410 3625 Si
427 3574 561 3646 corpus
579 3549 804 3646 diaphonum
830 3550 955 3641 fuerit,
973 3564 1013 3626 et
1038 3555 1141 3628 actio
1163 3575 1279 3651 propa·

241 3676 349 3762 getur
367 3668 405 3739 in
420 3690 553 3763 corpus
566 3665 667 3763 quod
681 3666 801 3739 minus
814 3666 980 3739 resistat:
999 3668 1163 3765 exempli
1173 3688 1279 3751 causa,

241 3804 265 3853 a
282 3780 378 3851 vitro
396 3780 434 3851 in
453 3803 598 3852 cerem:
625 3803 699 3875 qua
713 3780 773 3852 via
791 3778 921 3853 tendet
939 3780 977 3853 in
997 3781 1063 3855 illo
1081 3780 1194 3855 aerei

294 3892 344 3967 Β.
372 3894 559 3989 Apuneto
579 3892 677 3966 unde
695 3895 861 3989 operatio
880 3893 968 3983 exit,
988 3894 1152 3969 ducatur
1170 3893 1217 3968 ad
1231 3913 1281 3964 su·

241 4004 430 4102 perficiem
447 4004 534 4078 vitri
553 4018 655 4077 recta
671 4005 1000 4101 perpendicularis.
1052 4008 1166 4080 Actio
1178 4008 1282 4103 jama

241 4118 449 4193 resistentia
462 4142 573 4214 quam
585 4142 694 4214 passa
711 4131 790 4191 erat
808 4118 976 4208 liberata,
991 4119 1162 4218 diverget
1177 4144 1201 4194 a
1214 4138 1281 4216 per·

241 4232 472 4329 pendiculari
488 4244 668 4329 quantum
683 4230 730 4304 ad
742 4230 1089 4328 perpendicularem
1106 4246 1195 4308 ante
1211 4253 1282 4306 ocu·

242 4347 432 4442 vergebat.

296 4460 345 4532 Α.
374 4457 534 4534 Quando
565 4458 641 4553 pila
669 4458 843 4554 plumbea
869 4458 1038 4555 sclopeto
1067 4461 1204 4535 emissa
1230 4475 1283 4555 per

245 4594 381 4657 aerem,
399 4583 571 4668 penetrat
588 4596 735 4644 murum
752 4583 926 4657 terreum,
945 4572 1111 4648 etiamne
1127 4585 1216 4648 tune
1231 4571 1283 4644 fiet

246 4682 421 4759 refractio
440 4709 566 4759 versus
583 4684 942 4783 perpendicularem?
