2618 5092
210 668 283 737 404
352 680 406 734 os
425 680 657 735 PRINcu’ns
677 680 730 735 su·
747 678 1121 737 sumocmsuuom

27 878 97 921 cm.
111 876 178 918 vm.
207 850 325 947 J'orem
345 847 510 945 ejusdem
525 848 684 947 generis.
734 848 1017 949 Appellubimus
1039 856 1167 923 sutem
1189 846 1252 921 hoe

27 945 173 1064 ζῷ’
212 984 330 1059 genus
358 961 497 1059 anguli,
527 960 704 1061 angulum
726 961 897 1063 genitum
925 984 977 1037 ex
1005 960 1252 1049 circulatione,

213 1075 290 1149 sive
320 1084 425 1147 motu
454 1074 626 1149 circulari
650 1072 757 1149 rodii.
819 1074 951 1175 Imque
984 1072 1113 1149 ideam
1136 1072 1253 1171 anguli

214 1189 325 1285 hujus
341 1188 487 1285 generis
504 1188 709 1285 perfectam
723 1187 852 1264 hebes.
904 1188 1096 1263 ceterum
1112 1186 1162 1263 sd
1176 1186 1253 1261 defi·

215 1300 393 1377 nitionem
406 1301 486 1397 ejus
500 1299 718 1398 legitimam,
731 1298 995 1399 investigando
1004 1300 1256 1399 priusessunt

216 1436 302 1512 quae
317 1412 387 1510 ipsi
404 1422 491 1487 sunt
506 1412 728 1489 essentialis

266 1526 430 1602 Primum
444 1536 511 1617 est,
528 1538 574 1601 ut
590 1526 641 1601 sit
656 1536 848 1624 quantum.
899 1526 987 1603 Hoc
1003 1538 1135 1603 sutem
1150 1523 1256 1599 moni·

215 1640 352 1715 festum
368 1651 438 1729 est,
461 1663 508 1714 ex
524 1663 570 1714 eo
587 1638 690 1738 quod
715 1639 812 1714 ulter
827 1639 948 1715 altero
964 1641 1088 1738 mojor
1104 1662 1185 1715 eme
1198 1662 1257 1737 po-

215 1762 311 1828 test:
336 1763 379 1827 nt
395 1752 551 1850 angulus
568 1750 667 1827 BAC
682 1753 803 1849 mojor
817 1762 874 1827 est
889 1752 1029 1851 angulo
1047 1750 1169 1829 ΒΑΗ.

269 1864 453 1955 Secundo,
471 1865 560 1963 quis
575 1865 703 1964 unguii
726 1865 846 1957 ΒΑΗ,
865 1864 953 1941 ΕΑῙ
979 1864 1144 1964 aequsles
1169 1872 1257 1953 suut,

219 1979 286 2055 sed
301 2002 422 2077 neque
439 1990 550 2053 recto
561 1979 642 2070 AB,
656 1978 734 2070 ΑΕ,
759 2001 881 2077 neque
902 1978 1019 2077 ploos
1035 1978 1159 2069 ΒΑΗ,
1169 1976 1257 2067 ml,

219 2093 377 2192 aequalia
392 2104 490 2182 sunt,
509 2104 654 2167 certum
670 2103 729 2167 est
745 2090 847 2190 quod
868 2092 1033 2168 essentia
1048 2091 1178 2189 unguii
1191 2114 1259 2165 noo

220 2206 391 2282 consistit
412 2229 534 2303 neque
559 2206 600 2280 in
622 2206 830 2303 quantitate
852 2206 1039 2281 lineorum
1055 2206 1189 2304 quibus
1212 2204 1258 2277 in·

221 2319 395 2407 eluditur,
412 2342 533 2416 neque
559 2318 598 2393 in
616 2318 823 2415 quontitate
846 2320 1129 2417 superficierum
1151 2317 1259 2405 ΒΑΗ,

220 2433 328 2507 EAI:
355 2456 474 2528 neque
503 2431 660 2531 denique
687 2431 857 2507 consistit
886 2434 1049 2508 essentia
1076 2432 1202 2529 anguli
1227 2430 1260 2502 in

221 2545 475 2643 magnitudine
489 2569 641 2618 arcuum
658 2544 739 2635 BH,
750 2545 813 2635 EI,
826 2568 911 2619 eum
921 2546 1051 2643 anguli
1065 2546 1136 2642 ipsi
1153 2568 1259 2641 aequs·

220 2660 274 2733 ies
291 2659 377 2748 sint,
396 2683 503 2732 orcus
520 2659 677 2757 aequoles
694 2684 770 2733 non
787 2660 873 2733 sint.

276 2772 351 2846 Ubi
368 2796 457 2869 ergo
475 2773 702 2847 inveniemus
718 2772 968 2869 aequulitstem
990 2773 1106 2863 illam,
1123 2782 1261 2870 propter

227 2910 338 2983 quam
351 2887 509 2982 aequales
528 2886 702 2960 dicuntur
718 2886 792 2960 duo
810 2887 937 2983 anguli
956 2886 1078 2977 ΒΑΗ,
1095 2886 1204 2960 EAI?

277 2999 361 3073 Duo
379 2999 506 3096 anguli
523 2999 736 3089 BAH,EAI
762 2999 921 3096 aequsles
942 3012 1141 3087 vocantur,
1163 3022 1262 3096 prou

227 3124 329 3188 teres
346 3113 447 3211 quod
463 3113 621 3210 aequules
638 3125 724 3186 sunt
746 3125 881 3209 partes,
900 3113 980 3186 sive
997 3114 1123 3211 potius
1147 3111 1261 3185 eedem

227 3251 325 3324 pars,
344 3227 459 3299 totius
478 3226 768 3299 circumlationis
792 3226 899 3299 rodii.
953 3227 1051 3300 Sunt
1075 3227 1174 3301 enim
1199 3224 1261 3297 duo

228 3362 335 3411 arcus
354 3339 424 3412 BH
443 3350 480 3412 et
497 3338 546 3410 EI
570 3338 662 3411 fecti
687 3362 710 3411 s
733 3350 837 3412 motu
859 3337 966 3428 radii,
984 3339 1062 3413 sive
1080 3339 1173 3413 recti
1199 3336 1261 3410 sive

229 3453 345 3541 curvi,
363 3452 430 3525 AB
454 3450 586 3524 eodem
610 3461 789 3547 tempore.
842 3451 976 3549 Itaque
993 3452 1187 3549 aequalitss
1209 3472 1262 3522 sn·

228 3565 401 3661 gulosum
419 3565 528 3660 hujus
554 3565 699 3661 generis
717 3564 940 3638 consistitis
959 3567 1176 3662 aequslitste
1190 3584 1262 3661 par-

228 3682 322 3756 tium
337 3681 514 3777 temporis
531 3681 570 3754 in
583 3705 656 3778 quo
667 3681 858 3754 circulatio
874 3691 956 3754 tots
966 3682 1061 3755 radii
1075 3681 1260 3779 perficitor.

230 3795 353 3889 Atque
369 3794 457 3867 hinc
475 3806 542 3884 est,
560 3818 629 3867 neo
651 3792 811 3883 aliunde,
829 3792 930 3889 quod
947 3803 1031 3867 tum
1047 3795 1175 3893 angiuli
1197 3805 1263 3865 tum

230 3920 403 3996 sectores,
428 3907 466 3979 in
491 3907 622 3981 eodem
648 3908 786 3982 circulo
804 3908 954 4004 sumpti,
973 3919 1062 3982 sunt
1087 3910 1127 3982 in
1150 3906 1263 3981 eadem

230 4022 375 4095 ratione
388 4046 473 4095 oum
491 4022 565 4095 suis
582 4023 751 4095 arcubus.

283 4134 409 4208 Habes
427 4158 516 4231 ergo
539 4146 711 4208 naturam
736 4134 864 4231 anguli
883 4158 930 4207 ex
946 4134 1197 4210 circulatione
1209 4154 1264 4233 gc·

231 4249 313 4337 niti,
332 4272 476 4344 nempe,
494 4247 649 4322 eandem
663 4272 748 4323 cum
764 4260 899 4322 natura
916 4248 1183 4324 circulatiouis.
1227 4242 1266 4319 ut

232 4362 389 4460 angulus
408 4362 487 4458 ipse
505 4373 562 4434 est
585 4384 671 4458 pars
697 4361 949 4437 circulationis
974 4362 1105 4438 totius.
1154 4362 1203 4435 Et
1218 4378 1265 4432 ur-

233 4499 311 4564 ous,
336 4487 374 4549 et
401 4474 528 4571 anguli
556 4475 624 4564 sui,
648 4474 778 4549 eodem
803 4485 859 4548 est
882 4475 1085 4571 quantitas.
1136 4474 1265 4549 Nomen

235 4600 359 4662 autem
378 4589 503 4685 anguli
521 4588 624 4664 arcui
642 4588 770 4664 dotum
788 4599 856 4679 est,
873 4599 1029 4687 propter
1055 4589 1174 4665 lineos
1187 4606 1267 4687 quae,
