2618 5092
426 633 762 688 unonnnnsuuu.
1039 620 1105 686 401

109 796 317 871 Videamus
337 797 513 885 secundo,
533 822 702 892 quaenam
727 797 802 870 sint
825 797 932 871 lineae
956 823 1039 895 quae
1065 799 1113 872 ad
1148 824 1215 865 cnr.

60 909 277 985 faciendum
294 910 472 1006 angulum
489 910 626 984 debent
648 935 690 984 se
716 919 838 983 mutuo
862 920 1004 983 tantem
1031 920 1112 984 tao·
1154 896 1228 996 ss

57 1047 181 1122 gere.-
208 1037 249 1096 et
271 1023 462 1118 (quoniam
488 1023 613 1097 locum
636 1024 734 1096 hunc
759 1046 945 1119 exponens
964 1023 1113 1097 Clarius

60 1137 240 1233 angulum
260 1136 356 1210 effici
374 1135 466 1209 dicit
490 1160 536 1210 ex
554 1135 763 1232 hujusmodi
781 1161 960 1209 concursu
977 1161 1042 1209 seu
1059 1138 1112 1209 in·

60 1249 283 1342 clinatione)
304 1248 394 1346 quid
410 1249 459 1322 sit
476 1250 632 1323 duarum
645 1250 825 1322 linearum
843 1250 881 1321 in
897 1250 1008 1346 plano
1027 1276 1112 1323 con·

60 1386 203 1437 cursus.
256 1364 381 1436 Etiam
400 1362 489 1458 quid
502 1363 552 1435 sit
560 1365 698 1458 jacere
716 1362 754 1434 in
772 1361 966 1437 directum.
1013 1363 1112 1446 Quid

59 1477 174 1551 etium
191 1476 241 1550 sit
257 1474 462 1564 inclinatio,
478 1500 589 1571 qnam
604 1475 750 1548 Clavius
767 1475 924 1548 eandem
942 1501 1020 1550 rem
1034 1502 1112 1550 esse

59 1590 207 1686 putavit
225 1613 309 1663 cum
328 1613 523 1664 concursu.
573 1589 623 1663 Et
639 1587 730 1685 quid
744 1589 794 1661 sit
812 1588 949 1663 tineam
967 1615 991 1663 a
1010 1590 1112 1664 linea

60 1702 200 1777 securi.

112 1816 232 1890 Recta
247 1838 387 1904 arcum,
407 1815 483 1888 sive
507 1815 618 1888 aliam
645 1816 780 1889 lineam
805 1839 966 1904 curvam,
986 1817 1113 1915 tangit

61 1938 215 2018 tantum,
229 1928 377 2025 quando
394 1929 516 2025 tangit
529 1928 691 2026 quidem,
706 1940 786 2002 tota
798 1941 923 2002 tamen
937 1941 994 2002 est
1007 1944 1114 2003 extra

61 2040 253 2130 circulum,
272 2052 315 2113 ut
333 2041 475 2115 nullum
493 2042 544 2114 sit
566 2041 758 2136 utriusque
777 2064 974 2113 commune
1000 2066 1112 2137 punc·

60 2166 153 2228 tnm.
189 2153 243 2228 Ut
256 2154 320 2250 qui
333 2153 489 2251 alicujus
500 2154 632 2229 domus
644 2156 799 2249 januam
815 2152 942 2251 tangit
959 2163 1113 2242 tontum,

60 2269 92 2343 is
108 2291 230 2365 neque
247 2267 346 2342 intra
363 2267 513 2343 domum
531 2279 600 2356 est,
615 2290 735 2363 neque
753 2266 793 2339 in
812 2267 890 2362 ipsa
902 2265 1031 2362 janua,
1050 2269 1114 2341 sed

60 2393 162 2457 totns
178 2393 296 2455 extra.

110 2496 347 2571 Concurrunt
365 2505 490 2568 antem
509 2493 593 2567 duae
610 2495 730 2584 lineae,
749 2493 901 2592 quando
918 2495 1114 2592 utriusque

60 2621 116 2683 est
132 2607 284 2705 aliquod
301 2631 494 2682 commune
511 2619 704 2703 punctum,
722 2609 884 2683 necdum
896 2609 1115 2707 producitur

60 2722 227 2797 ulterius.

109 2836 228 2910 Recta
245 2834 404 2930 denique
427 2858 555 2907 areum
580 2847 692 2920 secat,
712 2837 864 2932 quando
888 2862 975 2934 pars
999 2850 1112 2913 rectae

60 2961 116 3025 est
131 2948 244 3039 intra,
261 2971 347 3045 pars
364 2959 470 3022 extra
486 2948 677 3023 circulum.
707 2950 794 3025 Non
808 2965 867 3025 est
878 2976 968 3049 ergo
981 2952 1113 3026 eadem

60 3087 118 3140 res
141 3073 338 3138 contactus
362 3072 401 3136 et
429 3084 654 3136 concursus:
681 3086 804 3159 neque
835 3088 919 3161 quae
946 3088 985 3137 se
1012 3064 1112 3159 plus-

61 3201 172 3277 quam
194 3184 366 3272 tangunt,
384 3175 590 3248 necessario
608 3199 647 3250 se
665 3188 796 3250 mutuo
814 3190 964 3251 secant:
991 3200 1111 3271 neque

59 3304 162 3368 recte
185 3291 452 3386 interpretatus
475 3299 532 3362 est
549 3289 619 3362 hoc
638 3290 722 3363 loeo
738 3290 930 3363 Euclidem
950 3288 1108 3364 Clavius

109 3404 256 3494 Tertio,
282 3401 472 3476 videamus
499 3402 589 3498 quid
617 3403 665 3477 sit
683 3406 820 3499 jacere
849 3404 887 3478 in
915 3404 1108 3478 directum.

58 3518 184 3593 Verba
197 3516 261 3590 illa
271 3517 407 3612 jacere
424 3515 463 3587 in
481 3516 663 3590 directum
681 3542 790 3615 quem
807 3519 929 3592 locum
947 3519 986 3591 in
1003 3519 1109 3592 lineis

59 3655 134 3705 non
158 3630 272 3704 rectis
296 3628 433 3702 habere
459 3640 627 3725 possunt,
643 3654 718 3704 non
746 3631 933 3727 intelligo:
960 3654 1047 3705 nam
1078 3634 1109 3706 si

58 3767 148 3816 uera
166 3754 267 3830 sunt,
281 3743 391 3837 juxta
413 3741 754 3838 interpretationem
782 3743 910 3834 Cluvii,
929 3745 992 3841 qui
1017 3745 1109 3819 dicit

58 3855 153 3931 duos
171 3877 279 3930 arcus
297 3854 368 3943 Fe,
387 3853 438 3926 CI
456 3855 596 3949 jacere
621 3855 660 3927 in
683 3855 875 3945 directum,
894 3857 1005 3930 etiam
1024 3858 1106 3932 duae
1215 3915 1219 3922 .

57 3971 229 4044 semisses
246 3966 410 4065 ejusdem
429 3967 557 4041 circuli
575 3970 752 4065 jacebunt
775 3969 813 4041 in
837 3970 1041 4053 directum;
1070 3986 1107 4043 et

57 4083 174 4180 (qnod
191 4081 279 4156 inde
297 4080 478 4177 sequitur)
498 4095 638 4178 puncta
649 4083 773 4155 omnia
787 4085 901 4157 totius
914 4085 1104 4180 perimetri

49 4195 233 4293 jaeebunt
247 4196 289 4269 in
305 4195 486 4268 directum
501 4227 510 4280 ;
537 4209 575 4270 et
591 4209 770 4292 punctum
788 4210 911 4292 potest
926 4198 1066 4270 moveri
1083 4222 1106 4271 a

59 4311 141 4386 loco
161 4334 241 4399 suo,
260 4309 378 4384 donec
394 4309 443 4382 ad
460 4309 616 4383 eundem
639 4311 761 4383 locum
779 4309 907 4383 redeat
924 4321 1027 4382 motu
1050 4310 1104 4383 di-

59 4435 177 4512 recto,
195 4434 235 4496 et
250 4423 317 4496 fiat
333 4423 530 4520 perimeter
548 4435 650 4497 reeta
666 4425 775 4497 linea.

108 4536 310 4611 Videamus
335 4549 478 4635 quarto,
497 4537 588 4635 quid
613 4538 663 4612 sit
685 4536 890 4612 irwlinulio.
943 4537 1102 4613 Quando

159 4671 255 4724 von.
276 4671 332 4726 ιν.
937 4672 1002 4724 nn
