2618 5092
262 683 577 738 MATHBMATICAE
598 684 840 738 HODIERNAE.
1006 664 1066 731 l9l

69 849 417 929 Bdescribetliueem
430 853 703 949 aliquem,puta
717 851 851 925 BEFC.
879 849 971 923 Dico
987 850 1075 944 jam,
1110 863 1261 904 nurocus

68 964 174 1042 siritio
190 970 256 1042 Ac
274 967 323 1041 ad
340 968 407 1041 AG
423 967 472 1040 sit
484 966 612 1040 eadem
636 989 718 1060 quae
745 964 840 1037 ratio
857 964 923 1036 AB
937 962 984 1035 ad
1001 963 1076 1049 GE,
1120 945 1261 1049 ,ἷό

67 1081 195 1174 epatium
212 1078 373 1154 ABEFC
390 1103 470 1153 esse
483 1079 530 1152 od
543 1078 701 1174 spatium
713 1078 873 1151 DCFEB
884 1089 927 1148 ut
943 1085 954 1148 1
974 1075 1021 1148 ad
1040 1085 1076 1157 l;

65 1191 173 1266 sivero
198 1192 295 1267 ratio
318 1191 384 1268 Ac
400 1191 448 1264 ud
466 1191 533 1264 AG
549 1192 598 1264 sit
625 1191 812 1286 duplicato
841 1189 995 1263 rationis
1012 1189 1078 1260 AB

65 1305 177 1396 dus,
195 1307 357 1402 spatium
370 1305 530 1379 DBEFC
547 1328 628 1377 esse
657 1305 706 1377 ud
734 1303 893 1400 spatium
921 1301 1079 1374 ACFEB

63 1432 93 1490 ut
109 1428 121 1492 l
136 1418 183 1492 ed
199 1429 249 1502 23
275 1419 305 1492 si
323 1418 521 1514 triplicata,
537 1429 581 1490 ut
599 1427 612 1491 l
632 1416 680 1492 ad
698 1427 745 1501 33
773 1430 809 1490 et
828 1418 880 1490 sic
895 1415 1079 1509 deinceps.

63 1531 292 1607 intellextin’l

67 1634 72 1653 '
96 1644 141 1719 B.
165 1644 350 1740 Intelligo,
362 1654 400 1718 et
410 1643 590 1739 siquidem
601 1645 655 1717 ite
664 1667 744 1718 esse
762 1643 1080 1732 demonstraveris,

60 1756 149 1832 rideo
164 1782 245 1833 esse
263 1757 478 1832 facillimum
495 1758 743 1854 paraboloidis
761 1759 1010 1855 cujuscunque
1035 1759 1082 1831 ad

60 1879 148 1932 suum
163 1858 560 1956 parallelogrammum,
575 1870 612 1932 et
639 1858 804 1932 concidis
832 1861 1082 1954 cujuscunque

59 1970 96 2044 ed
109 1995 214 2045 suum
231 1970 439 2067 cylindrum
452 1971 633 2045 rationem
651 1971 823 2044 exhibere
840 1971 879 2043 in
908 1973 1083 2045 numeris.

97 2084 143 2159 A.
164 2084 695 2180 Assumoeutemprimo,quod
701 2109 771 2180 qua
782 2085 929 2157 ratione
939 2083 1084 2156 mobilis

58 2195 223 2271 velocitas
239 2204 415 2294 augetur,
433 2196 561 2270 eadem
579 2196 726 2269 ratione
743 2197 909 2294 augeri*
948 2221 1085 2293 quoquc

59 2310 173 2406 spatia
184 2308 235 2383 ab
248 2333 295 2383 ea
313 2308 445 2382 iisdem
461 2308 522 2382 cel
532 2308 738 2408 (equalibus
751 2308 977 2407 temporibus
994 2332 1086 2407 pcr-

58 2445 167 2497 curra.
195 2421 380 2511 Secundo,
394 2421 540 2518 quodsi
556 2421 654 2495 inter
672 2421 767 2494 duas
780 2431 905 2495 rectas
923 2422 1086 2519 interpo-

60 2545 182 2608 meter
213 2533 342 2608 medice
372 2544 445 2608 tum
472 2534 716 2608 arithmeticoe
746 2543 819 2607 tum
850 2536 1088 2633 geometricae

60 2669 193 2720 mero
219 2647 386 2743 meiere,
410 2647 468 2720 lue
491 2657 528 2720 et
554 2647 629 2720 illc
646 2648 901 2745 magnitudine
922 2675 992 2723 oon
1010 2651 1088 2747 dff-

53 2755 169 2848 serm
180 2788 196 2845 ,·
221 2759 357 2834 saltem
387 2759 613 2855 deffereutioe
640 2783 770 2834 earum
796 2763 953 2836 minores
979 2774 1088 2837 erunt

65 2871 217 2966 qualibet
232 2872 572 2970 quantitatefinila.

103 2984 148 3058 B.
175 2985 384 3081 Utrumque
416 2984 652 3059 menifestum
687 3000 766 3072 est3
797 3001 836 3060 et
869 2998 992 3084 potest
1026 2988 1089 3060 de-

66 3097 257 3172 monstrari.
310 3097 406 3171 Nam
433 3097 643 3195 incipiendo
673 3125 695 3173 a
721 3101 881 3174 maxima
910 3113 1090 3174 extrema-

66 3227 145 3300 rum,
162 3211 281 3308 mojor
310 3220 366 3284 est
392 3210 513 3283 media
540 3211 773 3286 arithmetica
803 3235 911 3308 quam
943 3237 1090 3309 geome-

68 3319 156 3394 ln'ca.
222 3323 375 3397 Quanto
409 3333 532 3397 autem
562 3325 684 3399 miuus
717 3327 814 3399 inter
848 3350 886 3399 se
918 3337 1091 3402 extremae

68 3429 238 3526 differunt,
256 3447 361 3510 tanto
379 3436 586 3510 differentia
603 3439 871 3513 intermediam
889 3441 1091 3514 arithmeti-

68 3566 134 3621 cum
149 3560 187 3623 et
205 3548 468 3646 geometricam
487 3549 607 3624 minor
624 3565 691 3625 est.
744 3552 874 3648 ltaque
905 3554 935 3626 si
964 3554 1093 3628 mediae

68 3673 133 3739 tum
148 3666 393 3740 arithmeticae
409 3677 489 3740 tum
506 3669 740 3764 geometricae
767 3670 903 3765 ubique
931 3671 1093 3768 interpo-

68 3791 200 3871 nuntur,
223 3780 345 3855 minus
367 3780 464 3854 iuter
491 3805 530 3855 se
558 3780 728 3857 different
758 3785 859 3858 omni
888 3787 1095 3881 quontitate

69 3892 201 3968 effabili.

108 4006 154 4080 Α.
181 4006 311 4080 Recte.
355 4004 484 4100 Itaque
509 4005 548 4078 iu
579 4007 919 4104 parallelogrammo
946 4010 1094 4084 ABCD

69 4118 286 4215 concipiatur
297 4117 393 4191 letus
407 4117 476 4191 AB
488 4119 627 4191 moveri
637 4119 686 4193 ad
698 4121 794 4195 latus
807 4123 879 4197 CD
889 4125 1096 4220 parallelos,

68 4242 99 4302 et
113 4231 295 4305 movendo
314 4229 526 4305 decrescere
547 4230 665 4306 donec
678 4234 828 4307 taudem
846 4248 1040 4310 evanescat
1057 4238 1095 4309 in

67 4356 193 4437 puncto
211 4344 264 4430 C;
291 4352 330 4417 et
345 4367 412 4440 per
428 4343 539 4418 telem
557 4357 698 4418 motum
715 4347 899 4445 descripte
914 4351 962 4422 sit
978 4351 1097 4443 figura

68 4456 250 4548 ABEFC,
286 4457 416 4530 relicto
451 4457 721 4553 complemento
766 4461 907 4534 DCFE
917 4462 956 4550 B,
994 4463 1097 4556 cujus

434 4643 452 4678 '
475 4643 524 4704 Sic
538 4643 616 4703 Edit¹
636 4647 720 4704 1668.
