2618 5092
184 674 255 739 264
505 688 560 741 DE
580 688 749 743 Neroua
768 687 906 743 AERIS.

184 854 415 951 superficiem
449 855 606 929 suctoris
647 876 850 928 convexam
879 863 920 927 et
951 849 1114 951 cylindri
1146 874 1231 927 oon·

185 993 325 1056 cavam,
346 992 455 1065 quem
474 968 647 1065 deinceps
664 992 813 1042 cursum
828 967 967 1041 babere
983 964 1199 1041 arbitratis?

237 1081 284 1153 B.
314 1081 469 1155 Cursum
486 1082 610 1169 habet,
626 1082 759 1180 primo,
785 1079 991 1155 secundum
1011 1080 1131 1155 lineas
1151 1078 1234 1155 illus

185 1207 339 1282 erectas,
359 1218 440 1290 quae
461 1195 694 1269 constituunt
710 1193 869 1291 cylindri
885 1192 1123 1291 superficiem
1143 1216 1235 1267 con·

185 1330 312 1380 cavam
330 1339 339 1391 ;
367 1307 514 1394 deiude,
530 1331 598 1405 per
613 1308 730 1381 lineus
748 1331 831 1404 quae
853 1308 1092 1382 constituunt
1106 1328 1236 1405 super-

184 1420 305 1493 ficiem
328 1420 513 1494 lacrmaris
536 1420 693 1518 cylindri
718 1420 895 1519 ejusdem.
947 1422 1083 1517 ltaque
1111 1430 1234 1517 partes

185 1533 280 1605 aeris
311 1532 551 1629 ingredientis
579 1556 646 1630 per
671 1533 787 1607 liueas
815 1545 935 1607 rectas
967 1532 1233 1608 diametrnliter

186 1645 384 1740 oppositas,
400 1648 647 1720 movebuntur
663 1646 898 1745 undiquaque
911 1647 1078 1721 motibus
1090 1646 1229 1720 obviarn

187 1759 394 1832 contrariis.
446 1759 665 1833 Necessario
691 1783 781 1857 ergo
803 1783 843 1833 se
870 1771 1002 1834 mutuo
1024 1771 1225 1857 prementes

187 1873 419 1945 conabuntur
435 1896 503 1968 per
518 1872 634 1945 lineas
651 1872 847 1946 interiores
862 1902 872 1957 ς
898 1885 938 1945 et
959 1885 1118 1970 propter
1133 1894 1221 1968 pres-

186 1986 326 2057 sionem
345 1985 506 2081 undique
523 1987 713 2083 aqualem,
727 1998 870 2060 motum
883 1986 1034 2084 quidem
1047 1986 1219 2059 habebunt

187 2097 225 2170 in
259 2110 430 2171 neutram
466 2110 611 2195 partem
646 2099 870 2189 sensibilem,
903 2112 1081 2173 conatum
1112 2108 1216 2172 auten

186 2211 443 2284 vehementem
470 2236 702 2309 unaquaeque
733 2236 819 2309 pars
842 2224 973 2286 contra
996 2224 1140 2309 partem
1161 2206 1216 2285 sibi

188 2336 454 2398 occurrentem.

240 2438 286 2511 A.
316 2437 475 2511 Necesse
501 2462 591 2535 ergo
622 2439 704 2527 erit,
733 2450 775 2511 ut
799 2449 900 2511 totus
924 2438 986 2511 ille
1015 2463 1091 2528 aer,
1119 2437 1215 2510 donec

188 2550 323 2622 durent
336 2550 387 2623 illi
406 2563 560 2624 conatus
577 2551 748 2647 oppositi,
762 2551 1042 2624 consistentiam
1061 2553 1214 2647 mojorem

187 2664 322 2735 habeat
339 2687 449 2758 quum
467 2665 497 2736 si
520 2677 644 2760 partes
670 2666 749 2760 ejus
774 2665 852 2738 solo
880 2675 1058 2738 contactu
1084 2666 1214 2759 conjun-

189 2788 378 2873 gerentur.

240 2889 288 2961 B.
316 2891 366 2963 At
379 2915 499 2986 neque
513 2892 677 2981 candela,
691 2917 809 2989 neque
824 2893 1002 2965 carbones
1017 2893 1055 2966 in
1071 2889 1216 2990 cylindro

190 3004 358 3076 collocuti
378 3019 476 3093 sunt,
495 3005 560 3078 sed
578 3007 613 3078 in
634 3008 846 3102 recipiente.

238 3117 288 3191 A.
316 3117 413 3190 Scio.
452 3118 524 3191 Sed
542 3119 660 3206 liuere,
675 3143 740 3215 per
755 3143 845 3214 quas
860 3131 980 3193 motus
995 3115 1218 3216 ingredientis

189 3233 284 3305 aeris
319 3232 571 3328 designantur,
607 3247 737 3328 aperto
772 3233 941 3321 transitu,
977 3235 1016 3306 iu
1051 3226 1219 3307 communi

189 3346 284 3417 ostio
315 3369 354 3417 se
385 3359 514 3419 mutuo
550 3358 687 3433 secant,
717 3359 755 3420 et
784 3372 851 3442 per
878 3371 1121 3443 consequens
1150 3346 1220 3418 licet

190 3460 334 3530 inverso
353 3459 492 3547 ordine,
520 3472 673 3533 conatus
691 3461 785 3532 aeris
811 3460 978 3533 similiter
995 3460 1171 3556 procedet
1191 3456 1221 3527 iu

190 3572 390 3666 recipiente
408 3586 519 3669 atque
539 3573 576 3644 in
599 3572 787 3668 cylindr0;
814 3572 1017 3667 eademque
1041 3574 1113 3647 erit
1138 3584 1223 3644 utro

191 3685 301 3776 bique
319 3685 413 3757 aeris
432 3686 682 3773 consistentia,
702 3685 822 3758 media
848 3684 1016 3778 quaedam
1035 3686 1134 3759 inter
1150 3706 1222 3757 cou-

192 3797 377 3869 sisteutias
395 3799 490 3870 aeris
508 3799 590 3893 puri
609 3813 647 3871 et
668 3824 785 3894 aquae.
837 3799 969 3894 Cogita
996 3824 1099 3895 ergo,
1130 3818 1224 3895 quam

193 3911 241 3982 sit
258 3912 399 3982 naturis
417 3936 543 3984 earum
562 3911 609 3984 ad
627 3912 817 3985 caudelam
835 3913 894 3985 vel
908 3913 1034 4010 ignem
1054 3915 1112 3987 vel
1127 3914 1224 3985 vitam

192 4024 417 4111 animalium,
437 4050 519 4119 quae
541 4027 670 4099 saltem
688 4027 804 4099 vitam
825 4028 1065 4123 pulmonibus
1092 4028 1225 4108 debent,

192 4138 480 4234 extinguendam
507 4140 563 4212 vis
594 4139 720 4212 similis
749 4151 1019 4225 consentanea;
1057 4158 1225 4238 quamque

192 4252 439 4323 necessarium
457 4252 505 4323 sit
519 4265 655 4324 conatu
673 4253 736 4324 illo
750 4252 918 4325 circulari
933 4253 971 4324 in
986 4255 1090 4326 omni
1104 4262 1225 4350 puncto

193 4363 404 4458 recipientis
424 4377 563 4436 motum
584 4366 850 4453 vehementem,
876 4389 1090 4461 quanquam
1117 4363 1226 4440 invisi·

195 4475 317 4564 bilem,
335 4478 426 4549 fieri.
480 4477 597 4549 Simili
615 4477 726 4550 modo
751 4478 850 4550 circa
866 4479 953 4565 vim,
984 4504 1060 4574 qua
1089 4474 1226 4554 candela

195 4589 445 4685 carbonesque
464 4590 569 4685 igniti
595 4592 863 4687 extinguuntur
880 4591 919 4663 in
942 4590 1094 4682 fodinis,
1124 4594 1224 4667 deter-
