2618 5092
408 636 749 691 GEOMBTRARUM.
1024 625 1097 687 445

46 801 229 902 ungulum
245 803 476 878 rectilineum
493 813 638 877 uentum
656 803 831 876 minorem
843 801 983 900 ungulo
995 802 1101 874 semi-
1139 830 1207 870 οη.
1220 829 1284 868 xix.

48 914 186 990 circuli
197 944 213 999 ,·
248 926 291 989 at
324 942 410 990 cero
444 942 525 990 cum
552 917 629 1005 ΑΕ,
660 915 836 1016 angulum
869 915 1100 989 rectilineum
1114 897 1285 1014 Ρῐζζωᾙ

49 1040 197 1105 acutum
231 1033 408 1126 majorem
437 1029 577 1129 ungtrlo
602 1030 894 1128 contingentie:
928 1053 1008 1102 cum
1037 1028 1101 1101 ille
1114 1024 1286 1137 (ᾗῇῗὶῗῇ

48 1144 103 1216 rit
125 1166 232 1242 puro
250 1142 383 1243 anguli
407 1142 642 1232 semicirculi,
660 1143 722 1215 lic
746 1167 833 1216 cero
856 1152 969 1216 totum
993 1143 1102 1241 qnid·

47 1257 160 1354 pium
195 1265 370 1354 respectu
399 1256 535 1355 anguli
569 1256 844 1354 contingeutire.
922 1257 978 1330 ld
1009 1256 1108 1353 quod

52 1369 203 1467 liquido
233 1378 391 1459 constet,
417 1368 529 1443 ductu
554 1378 660 1442 rectu
687 1370 767 1459 AB,
787 1369 1104 1468 quomodocunque

53 1483 159 1581 iufra
177 1485 257 1558 ΑΕ.
299 1481 399 1558 Nam
417 1508 498 1556 cum
514 1483 596 1556 lunc
612 1481 712 1556 linea
725 1483 793 1557 AB
811 1483 913 1558 intro
930 1482 1106 1557 circulum

54 1597 182 1685 cadat,
202 1606 244 1670 ut
273 1596 563 1670 demonstratum
587 1606 656 1686 eet,
683 1598 759 1669 erit
782 1596 946 1696 ungulus
962 1596 1105 1670 rectili-

54 1735 147 1784 neus
160 1720 295 1783 ocutus
304 1709 402 1784 CAB
415 1710 534 1783 minor
546 1709 687 1808 angulo
699 1709 926 1783 semicirculi
939 1719 1107 1783 contento

57 1823 127 1897 sul
144 1823 332 1897 diametro
349 1824 415 1898 Ac
431 1833 469 1897 et
491 1823 795 1921 circumferentia
813 1824 922 1913 ABG,
942 1848 1022 1897 cum
1041 1823 1108 1896 ille

58 1938 172 2034 injur
188 1936 242 2009 ait
262 1960 375 2034 poro.
428 1936 606 2035 Augulus
622 1960 709 2009 vero
732 1936 1004 2034 contingentiae,
1023 1960 1108 2007 con-

59 2061 184 2125 teutue
217 2049 286 2122 tub
316 2058 495 2149 tangente
513 2049 613 2122 lineo
642 2048 708 2121 ΑΕ
735 2058 772 2120 et
806 2048 1108 2146 circumferentia

57 2163 171 2252 ABC,
198 2161 318 2235 minor
345 2161 485 2260 ungulo
513 2160 706 2235 rectilineo
736 2170 846 2235 acuto
869 2160 979 2249 ΒΑΕ,
1010 2162 1113 2259 qnod

59 2275 127 2350 ille
143 2276 255 2372 liujus
271 2298 374 2374 pars
391 2275 454 2348 sit.

109 2391 279 2466 Assumit
295 2392 356 2465 hic
373 2391 545 2466 Euclides
567 2392 745 2489 angulum
762 2393 994 2466 rectilineum
1012 2392 1110 2464 CAB

59 2517 206 2603 partem
224 2527 304 2578 esse
330 2504 456 2601 anguli
484 2505 717 2595 semicirculi,
736 2506 861 2596 idest,
880 2507 1004 2603 anguli
1021 2506 1110 2578 facti

60 2643 86 2692 a
108 2631 213 2693 recta
237 2618 299 2691 CA
327 2628 366 2692 et
395 2618 693 2692 circumferentia
710 2619 800 2693 AB:
827 2620 917 2693 item
934 2620 1112 2716 angulum

61 2731 331 2829 contingentiae
360 2744 506 2827 partem
533 2754 613 2805 esse
640 2731 768 2828 anguli
794 2733 976 2807 rectilinei
1000 2733 1111 2806 ΕΑΒ.

64 2846 141 2920 Sed
172 2869 219 2919 ex
253 2868 298 2918 eo
326 2845 520 2919 manifeste
551 2845 729 2942 sequitur,
757 2860 916 2941 quatuor
944 2845 1112 2942 angulos,

63 2983 211 3057 nempe,
222 2958 450 3033 rectilineum
471 2959 779 3055 -cnss,angu1um
796 2959 1029 3041 semicirculi,
1047 2983 1113 3031 an·

64 3074 194 3171 guium
221 3073 497 3169 contingentiae,
529 3085 568 3146 et
598 3073 773 3169 angulum
805 3086 948 3146 rectum
975 3072 1114 3144 rectili-

64 3212 191 3276 neum,
209 3210 287 3260 esse
305 3187 471 3284 ejusdem
487 3187 645 3283 generis,
672 3186 769 3260 sicut
784 3198 908 3283 partes
925 3198 964 3259 et
979 3196 1111 3258 totum.

66 3300 120 3375 Et
151 3323 221 3397 per
255 3322 483 3397 consequens
517 3299 694 3395 angulum
726 3299 991 3395 contingentiae
1033 3298 1116 3394 (per

68 3412 152 3488 Def.
169 3423 205 3503 5,
223 3413 338 3486 Elem.
352 3413 392 3506 v)
412 3413 709 3509 multiplicatum,
735 3435 842 3509 posse
860 3436 1033 3509 superare
1050 3436 1116 3484 an-

68 3526 199 3625 gulum
219 3540 369 3600 rectum
393 3526 635 3600 rectilineum.
688 3526 926 3600 Manifestum
944 3527 1043 3599 enim
1061 3539 1117 3599 est

67 3651 216 3738 partem
242 3639 478 3735 multiplicari
500 3664 620 3737 posse,
639 3639 759 3714 donec
786 3664 894 3713 suum
916 3651 1038 3713 totum
1057 3663 1118 3712 su-

67 3764 186 3853 peret.
240 3751 471 3826 Contradicit
489 3776 577 3849 ergo
598 3752 770 3826 Euclides
796 3752 883 3826 huic
913 3751 1119 3826 definitioni

68 3892 147 3943 suae
175 3865 316 3963 quintae
343 3866 525 3940 Elementi
549 3866 680 3963 quinti.
734 3866 829 3940 Cum
851 3889 941 3963 ergo
963 3866 1119 3961 angulus

69 3991 267 4057 contactus
281 3990 320 4053 et
333 3980 489 4075 angulus
503 3979 714 4052 rectilineus
733 3980 807 4052 sint
821 3978 957 4053 diversi
973 3977 1120 4075 generis

69 4092 305 4191 quantitatiS,
322 4093 376 4167 ita
391 4105 433 4164 ut
449 4092 568 4165 altera
584 4092 738 4165 alteram
756 4093 998 4189 multiplicata
1012 4115 1120 4186 supe-

70 4230 156 4282 rare
177 4229 254 4279 nou
278 4206 409 4301 possit,
431 4208 490 4297 (ut
507 4205 585 4301 ipse
604 4204 752 4289 Cluvius
771 4205 1036 4295 demonstrat):
1055 4228 1121 4276 an-

71 4320 182 4419 gulus
200 4318 465 4416 contingentiae
489 4320 634 4392 ablatus
652 4319 743 4392 nihil
762 4319 903 4392 auferet
920 4318 966 4390 ab
985 4319 1120 4414 angulo

73 4444 178 4508 recto
197 4431 399 4522 rectilineo,
416 4455 492 4504 nou
509 4432 626 4530 magis
649 4455 759 4529 quam
785 4431 884 4505 linea
909 4430 1033 4505 ablata
1058 4433 1120 4505 ali·

72 4546 166 4647 quid
198 4544 370 4622 auferte
399 4544 578 4644 quadrato
607 4557 674 4621 aut
703 4545 914 4642 superficies
943 4568 966 4620 a
991 4546 1120 4620 solido.
