2618 5092
226 647 302 717 362
453 660 509 715 un
526 660 833 717 menstruatas
851 660 1044 717 unacum.

47 854 132 897 rma.
146 854 180 897 n
226 828 329 903 tione
346 830 370 904 3
387 828 434 904 ad
457 839 471 904 1
494 830 685 905 continua.
725 830 865 905 Centro
877 830 910 905 Ο
925 828 1037 905 radio
1049 826 1127 905 ΟΜ
1141 824 1255 905 dost

39 922 185 961 ”⁴
225 942 461 1017 namneus
477 942 693 1042 quadrantis
710 942 1257 1031 Munemmaiousumi
1301 1022 1303 1041 ,

225 1055 337 1129 batur
351 1080 461 1131 arcus
473 1056 690 1156 quadrantis
703 1058 775 1151 ΒΤ,
790 1068 831 1133 et
845 1056 953 1134 radio
968 1056 1030 1133 SC
1047 1056 1258 1135 damnetur

227 1191 336 1243 arcus
352 1170 570 1266 quadrantis
587 1170 663 1247 ΟΖ.

279 1280 465 1357 Quoniam
487 1308 578 1381 ergo
599 1282 768 1382 potentia
791 1281 860 1359 Dc
880 1282 997 1381 tripla
1017 1294 1078 1359 est
1101 1282 1259 1383 potent'n

229 1392 315 1485 ΟΜ,
332 1395 405 1469 erit
427 1396 598 1491 potentia
613 1418 723 1471 arona
745 1394 809 1471 ST
827 1394 943 1494 tripla
966 1396 1152 1495 potentiae
1169 1418 1261 1471 mon

228 1506 311 1591 cz;
336 1516 376 1581 et
390 1531 499 1582 arens
516 1508 584 1583 BD
600 1508 752 1607 aqualis
768 1508 929 1585 arcubus
944 1508 1132 1585 ambobus
1154 1508 1210 1585 Sl*
1230 1524 1261 1585 et

229 1619 301 1694 ΟΖ.
351 1622 418 1695 Est
446 1632 572 1696 autem
598 1622 767 1720 potentia
788 1621 905 1696 totius
930 1646 1045 1697 arens
1073 1622 1144 1698 BD
1168 1622 1262 1721 triph

227 1734 405 1830 potentiae
422 1758 530 1808 arcus
544 1735 625 1809 MN
636 1766 647 1820 t
664 1746 703 1809 et
719 1759 742 1808 a
754 1745 836 1809 tota
847 1734 923 1809 ΒΜ
935 1747 980 1809 nt
991 1736 1261 1823 semidiametro,

229 1845 435 1945 descriptus
451 1872 560 1923 arcus
577 1847 793 1946 quadrantis
810 1848 896 1923 Mo
912 1849 1071 1947 oequalis
1092 1850 1166 1925 erit
1186 1848 1262 1923 utri·

228 1983 300 2057 que
317 1959 427 2035 simul
451 1962 555 2036 arcui
578 1960 658 2052 BD,
675 1961 768 2035 MN.
819 1960 888 2035 Est
908 1984 1002 2061 ergo
1017 1974 1065 2037 nt
1082 1962 1148 2038 ΒΟ
1164 1964 1263 2059 (reos

228 2073 434 2172 composita
449 2098 496 2149 ex
513 2074 572 2149 Be
587 2084 626 2149 et
641 2074 711 2164 rC,
724 2096 881 2171 quarum
896 2074 1085 2171 potentioe
1100 2088 1187 2151 sunt
1196 2082 1261 2149 att

228 2186 277 2261 ad
299 2188 335 2283 l)
354 2186 404 2261 ad
426 2210 554 2261 areum
571 2186 638 2261 BD
665 2186 927 2285 (compositum
953 2212 1001 2263 ex
1024 2190 1186 2263 arcubus
1207 2188 1260 2274 ST,

229 2300 304 2387 ΟΖ,
321 2324 478 2398 quorum
494 2300 673 2397 potentiae
689 2308 777 2373 sunt
789 2314 832 2373 ut
845 2308 869 2373 3
882 2300 931 2373 ad
954 2304 1006 2393 1),
1019 2301 1078 2375 ita
1094 2326 1199 2376 arcus
1211 2301 1260 2375 BD

228 2414 277 2488 ad
311 2437 439 2487 arcum
469 2412 551 2485 Mm
582 2412 842 2509 (compositum
876 2435 922 2485 ex
952 2414 1118 2488 arcubus
1148 2415 1209 2487 BD
1233 2426 1260 2484 et

229 2527 324 2615 MN,
335 2550 493 2622 quorum
510 2527 687 2622 potentiae
704 2525 794 2599 item
811 2537 899 2599 sunt
915 2538 958 2599 ut
976 2535 1001 2599 3
1022 2527 1074 2600 ad
1099 2531 1143 2621 l).
1186 2528 1259 2601 Sunt

229 2665 319 2737 ergo
336 2652 441 2715 recta
458 2639 533 2729 ΒΟ,
551 2663 659 2713 arcus
684 2638 762 2727 BD,
785 2653 824 2712 et
851 2662 962 2713 arans
992 2638 1036 2711 M
1043 2662 1082 2713 rs
1109 2642 1259 2714 continue

231 2752 541 2850 proportionales,

281 2866 355 2941 Sed
373 2878 475 2939 recta
492 2865 555 2938 BC
575 2877 633 2938 est
646 2865 918 2939 semidiameter
935 2865 1084 2957 circuli,
1098 2870 1200 2964 cujus
1213 2888 1259 2962 pe

229 2979 372 3053 rimetri
398 3003 506 3053 arcus
537 2978 603 3052 BD
629 2992 688 3052 est
714 3002 800 3076 pars
825 2991 970 3075 quarta
1025 2980 1156 3056 Quare
1179 2990 1259 3054 reso

229 3116 313 3189 quae
333 3104 390 3166 est
416 3091 569 3188 aequalis
588 3092 692 3165 arcui
715 3091 794 3178 BD,
812 3093 884 3165 erit
907 3092 1185 3169 semidiameter
1206 3093 1259 3167 cir·

230 3205 305 3279 culi
321 3205 426 3301 cujus
438 3203 628 3301 perimetri
645 3226 753 3277 arcus
768 3204 850 3276 Mm
867 3218 1028 3300 estpars
1045 3218 1187 3303 quarta.
1211 3206 1260 3278 list

231 3343 320 3415 ergo
339 3319 413 3392 BM
430 3316 582 3414 aequalis
600 3316 702 3390 arcui
724 3316 802 3390 BD.

283 3430 423 3505 caron.
475 3430 651 3525 Sequitur
672 3430 759 3503 hine
783 3442 921 3502 rectam
948 3454 1033 3526 quae
1056 3432 1205 3529 aequalis
1218 3440 1260 3502 est

231 3545 332 3618 arcui
351 3544 422 3633 ΟΖ,
436 3543 581 3617 radium
597 3567 677 3617 esse
695 3542 824 3617 circuli
843 3542 1019 3640 descripti
1037 3568 1062 3618 a
1081 3546 1166 3634 ΟΜ,
1181 3543 1262 3617 ideo

230 3682 301 3753 que
318 3681 446 3731 arcum
464 3657 526 3730 CZ
542 3656 721 3753 aequalem
747 3680 826 3730 esse
843 3669 957 3730 rectae
981 3657 1071 3747 ΟΜ,
1091 3672 1131 3734 et
1155 3679 1262 3734 moun

232 3771 290 3844 ST
306 3770 485 3867 aequalem
504 3793 583 3844 esse
601 3783 714 3844 rectae
733 3769 807 3843 BC.

583 3982 834 4035 PROPOSITIO
859 3982 925 4033 111.

282 4112 398 4185 Recta
416 4111 475 4185 ΡΟ
492 4110 604 4207 dupla
619 4123 676 4185 est
694 4110 912 4185 differentiae
937 4110 1039 4185 iuter
1065 4113 1265 4208 semidiago

231 4226 353 4300 nalem
370 4237 409 4299 et
425 4224 673 4313 semiradium,
687 4224 890 4321 eademqne
908 4223 1033 4298 media
1048 4227 1265 4325 proportion-

230 4339 299 4414 alis
316 4339 413 4413 inter
430 4338 502 4412 CM
520 4351 559 4412 et
576 4338 691 4434 ipsius
708 4336 908 4410 semissem.

283 4452 495 4549 Diagonalis
513 4452 611 4525 enim
630 4452 695 4524 ΑΟ
712 4450 844 4524 dividit
868 4473 995 4524 areum
1023 4452 1091 4527 BD
1110 4452 1263 4527 bifariam

231 4566 270 4639 in
289 4565 329 4638 P.
381 4567 547 4640 Ducatur
572 4565 637 4640 ΟΡ
664 4566 766 4639 sinus
793 4576 917 4638 rectus
944 4589 1056 4639 arcus
1086 4567 1158 4657 BP,
1176 4588 1260 4640 oom-
