2618 5092
228 656 301 723 394
369 669 424 722 ΠΒ
442 668 677 725 ramorum
694 668 749 725 11·
765 668 1138 727 unumunurm

653 938 760 1016 cAP.
777 938 847 1017 111.

601 1114 657 1167 ult
688 1112 898 1167 mammo.

53 1243 177 1286 cmm.
225 1214 546 1306 Dnnruruurun,
584 1218 697 1293 tertio
734 1216 832 1303 loeo,
865 1214 978 1293 lineae
1015 1214 1167 1293 termini
1198 1218 1254 1293 bon

40 1312 189 1422 ὦ
225 1330 361 1404 modos
388 1328 496 1404 liaeo
516 1330 667 1405 termini
685 1340 773 1406 aaut
791 1338 951 1431 punctu.
1006 1330 1133 1409 Quam
1147 1330 1255 1407 defini-

223 1444 365 1517 tionem
395 1466 471 1516 uon
500 1443 754 1541 reprehendo;
780 1442 849 1519 oed
874 1440 944 1517 ut*
960 1444 1011 1519 ab
1034 1468 1094 1537 ea,
1121 1444 1162 1519 id
1175 1444 1256 1543 quod

225 1567 313 1631 ante
330 1555 419 1645 dixi,
437 1556 612 1632 nimirum
628 1567 810 1655 puuctum
832 1580 909 1631 non
934 1578 1018 1631 ease
1041 1555 1257 1646 indivisibile,

226 1668 292 1743 sed
308 1678 453 1743 tautum
467 1670 506 1743 in
524 1668 837 1744 demonstratione
854 1691 930 1744 uon
946 1680 993 1744 ut
1009 1668 1172 1747 divisum
1186 1694 1258 1747 oon·

225 1782 391 1871 aiderari,
408 1781 495 1856 inde
512 1782 719 1858 ostendam.
771 1782 812 1857 Si
828 1782 929 1856 enim
944 1782 1050 1859 linea
1071 1784 1259 1861 neoetuin

224 1907 364 1994 puncto
379 1894 561 1986 bifariam,
578 1920 664 1969 eum
681 1908 839 1994 utraque
864 1894 1003 1971 habeat
1031 1897 1128 1973 duos
1150 1897 1259 1973 termi-

222 2034 305 2100 noS,
333 2009 453 2107 sitque
478 2021 660 2106 punctum
684 2008 778 2083 illud
802 2008 843 2082 in
870 2030 946 2105 quo
973 2007 1157 2085 dividitur
1178 2010 1260 2085 linea

224 2123 375 2196 omniuo
391 2120 505 2195 nihil:
532 2120 617 2195 duae
632 2134 758 2219 partes
774 2146 799 2195 a
814 2120 997 2196 divisione
1012 2122 1127 2199 faotae
1143 2148 1182 2199 ae
1195 2148 1259 2198 rnu-

222 2248 290 2310 tuo
304 2246 449 2310 tautum
463 2246 671 2331 tangerent,
686 2256 757 2308 nee
769 2233 951 2308 haberent
963 2234 1085 2309 ullum
1098 2246 1259 2334 punctum

225 2371 433 2422 commune.
484 2348 532 2419 Et
549 2345 705 2442 proinde
731 2345 912 2419 terminus
939 2359 1133 2423 extremus
1161 2348 1259 2444 magis

227 2461 377 2535 distabit
395 2485 418 2533 a
434 2460 592 2533 termino
604 2460 756 2533 alterius
773 2460 882 2534 lineae
893 2460 941 2534 ad
955 2462 1083 2557 quod*
1095 2475 1152 2537 est
1163 2486 1258 2561 punc·

226 2586 306 2648 tum
324 2572 503 2663 dividens,
522 2597 634 2670 quam
651 2597 674 2646 a
690 2574 747 2646 sui
764 2573 879 2669 ipsius
897 2576 1061 2648 termino
1078 2576 1205 2666 altero,
1221 2575 1258 2648 ad

225 2710 335 2783 quem
352 2686 481 2759 itidem
503 2687 654 2782 ponitur
680 2686 778 2759 idem
803 2701 986 2783 puuctum
1010 2689 1198 2764 dividens:
1227 2686 1258 2760 id

226 2811 295 2888 est,
313 2801 431 2895 major
448 2811 504 2872 est
520 2822 595 2872 una
611 2800 772 2895 partium
790 2822 901 2896 quam
918 2800 1051 2892 altera,
1067 2815 1107 2877 et
1123 2800 1257 2900 proinde

224 2912 323 2986 linea
344 2913 407 2986 illa
427 2912 544 2985 divisa
560 2936 636 2985 non
654 2925 712 2985 est
728 2912 911 3002 bifariam,
925 2926 970 2988 ut
987 2916 1256 3013 supponebatur.

225 3027 393 3123 Exempli
410 3026 554 3124 gratia:
582 3025 680 3098 linea
696 3025 763 3098 ΑΒ
781 3036 882 3098 secta
894 3026 1070 3101 bifariam
1087 3030 1126 3102 in
1141 3028 1256 3123 C,par·

225 3152 282 3214 tes
299 3140 377 3236 ejus
390 3164 429 3213 se
448 3149 607 3234 tangunt
626 3150 771 3210 tautum
785 3137 833 3210 ad
845 3138 888 3226 C,
903 3151 944 3211 et
958 3163 1090 3216 earum
1102 3145 1256 3240 cujusque

225 3255 374 3328 termini
391 3254 491 3347 (eum
509 3253 583 3325 siut
596 3250 679 3326 duae
698 3252 820 3346 liueae)
834 3263 921 3325 suut

226 3391 354 3442 omues
368 3382 544 3464 quatuor:
564 3389 678 3462 quare
696 3365 741 3439 ad
763 3365 921 3439 Cerunt
994 3372 1241 3466 ,—¹’,⁰¹,..,

226 3479 300 3553 duo
314 3480 473 3568 termini,
486 3479 549 3576 qui
563 3479 637 3552 sint
653 3477 687 3551 D
702 3491 740 3552 et
752 3479 795 3564 E,
807 3491 845 3552 et
854 3502 922 3574 per

226 3616 454 3689 consequens
473 3592 538 3666 BD
556 3593 676 3688 major
692 3603 749 3665 est
766 3614 877 3687 quam
895 3592 977 3666 AC.
1006 3593 1095 3667 Nou
1113 3606 1168 3667 est
1184 3612 1254 3686 ergo

225 3705 292 3778 AB
311 3705 427 3778 divisa
443 3704 614 3778 bifariam
631 3703 670 3777 in
688 3704 730 3793 C,
751 3704 822 3777 uisi
840 3704 886 3791 D,
895 3704 977 3795 0AE
995 3707 1254 3781 considerentur

225 3831 269 3891 ut
287 3818 384 3891 idem
396 3831 587 3916 punctum.

652 4119 758 4193 CAP.
783 4118 847 4192 IV.

557 4280 611 4330 DE
640 4278 771 4330 LINEA
798 4278 947 4330 RECTA.

225 4384 454 4458 Dnruumo
485 4395 618 4479 quarta
651 4394 708 4456 est
740 4381 851 4454 lineoe
878 4391 1008 4472 rectoe,
1038 4382 1145 4457 talis:
1172 4380 1251 4455 linea

224 4508 331 4571 recta
355 4507 412 4571 eat
428 4522 512 4596 quae
537 4522 585 4571 ex
605 4520 707 4593 oequo
725 4520 796 4568 aua
819 4495 1024 4590 interjacet
1042 4505 1201 4596 puncto:
1222 4487 1251 4562 id

602 4686 619 4721 ⁸
643 4682 892 4745 SieEdit1668.
