2618 5092
51 856 121 901 GAP.
135 858 190 901 vn.

47 926 191 963 *wa

39 988 184 1045 unumpat-

39 1050 222 1105 andis,ulnrlsta

232 653 305 719 354
507 664 788 721 montrum
805 664 1002 719 PBYSch.

232 831 272 905 in
290 854 400 927 quam
417 830 548 905 incidit
563 842 651 905 ante
666 840 881 929 perrumpat
901 854 1015 929 quum
1031 832 1176 907 eatam
1186 856 1257 961 par·

234 944 344 1032 tibus,
362 967 453 1040 quas
470 967 619 1019 necesse
636 957 694 1018 est
709 942 819 1019 simul
842 944 989 1033 cadere,
1012 944 1257 1021 eommunimri

232 1058 361 1156 possit.

284 1170 332 1245 A.
359 1171 461 1244 lctus
485 1171 606 1245 mallei
633 1171 779 1246 clsvum
801 1170 1021 1267 profunde‘
1008 1194 1050 1245 ru
1074 1170 1261 1269 lignum&

232 1285 355 1358 subito
384 1284 521 1381 adiget.
573 1285 772 1360 Quodnam
797 1283 944 1381 pondus
970 1283 1089 1381 ospiti
1113 1282 1261 1383 ejula

232 1395 327 1469 clavi
349 1397 573 1493 impositum,
589 1420 705 1493 usque
728 1395 778 1470 ad
806 1394 962 1471 eandem
985 1394 1262 1493 profundum

233 1509 370 1607 adiget,
392 1521 432 1584 et
459 1520 597 1606 qusnto
624 1508 818 1606 tempore?
860 1509 1059 1584 Problemu
1085 1510 1187 1585 enim
1206 1520 1263 1599 est,

233 1622 333 1717 quod
349 1623 483 1719 saepius
495 1622 620 1696 audivi
637 1622 842 1696 discussum
858 1622 959 1696 inter
972 1622 1163 1721 physicos.

283 1735 334 1811 B.
359 1736 578 1809 Differentia
592 1759 676 1833 quae
693 1748 749 1809 est
770 1735 870 1809 iuter
885 1735 1041 1811 modum
1057 1758 1135 1834 quo
1151 1758 1264 1834 opem·

233 1861 295 1921 tur
309 1848 468 1945 pondus,
491 1860 532 1921 et
547 1847 699 1922 modum
714 1870 789 1945 quo
809 1859 984 1945 operatur
1001 1848 1114 1938 ictus,
1129 1848 1218 1923 facit
1229 1858 1267 1921 ut

232 1960 394 2035 calculus
407 1960 456 2035 sit
472 1960 717 2035 difficillimus.
760 1960 857 2034 Nam
874 1960 970 2035 ictus
984 1960 1035 2035 ad
1046 1959 1267 2059 unumquasi

231 2087 410 2172 punctum
427 2075 530 2172 ligni,
548 2074 739 2147 celeritate
761 2097 829 2147 sua
850 2073 1104 2149 resistentiam
1126 2087 1268 2149 ‹raters-

231 2211 315 2260 rum
341 2188 503 2284 partium
525 2187 748 2261 antevertit:
774 2184 874 2260 unde
896 2186 1024 2260 clavus
1044 2186 1195 2263 facilius
1218 2187 1269 2261 in-

230 2300 408 2395 greditur.
460 2299 536 2374 Sed
550 2298 695 2396 pondus
712 2320 780 2372 nec
797 2309 943 2397 tempus
960 2300 1164 2375 resistendi
1183 2324 1267 2399 pre·

230 2414 344 2503 venit,
379 2424 416 2485 et
449 2412 695 2485 resistentiam
728 2425 852 2506 auget.
920 2411 996 2484 Sed
1025 2427 1205 2509 quantum
1234 2426 1269 2486 et

231 2538 371 2624 quanto
388 2539 566 2623 tempore,
585 2525 675 2599 illud
689 2536 743 2599 est
762 2525 861 2622 quod
876 2525 1126 2601 determinare
1143 2527 1267 2624 impos·

229 2639 335 2712 sibile
351 2662 430 2713 esse
448 2652 549 2735 puto.

282 2751 332 2824 A.
360 2752 541 2827 Quaenam
562 2763 618 2825 est
641 2751 849 2825 differentia
867 2749 930 2824 in*
956 2752 1210 2827 redentionem
1234 2762 1267 2825 et

230 2887 431 2954 recursum,
449 2866 595 2962 qualem
612 2866 821 2962 experimur
838 2864 877 2937 in
894 2867 1092 2940 tormentis
1109 2862 1266 2941 bellicis?

279 2977 327 3054 B.
354 2980 596 3077 Reperoussio
614 2978 745 3067 omnis,
763 2978 911 3074 proprie
936 2978 1141 3074 loquendo,
1154 3001 1266 3053 recur-

230 3115 292 3166 sus
317 3104 398 3167 est:
424 3104 464 3168 at
492 3117 568 3166 non
598 3116 618 3165 e
646 3090 834 3164 contrario
861 3090 981 3164 omnis
1013 3114 1187 3167 recursus
1217 3102 1265 3164 ast

229 3206 469 3302 repercussio.
521 3202 763 3301 Repercnssio
793 3226 937 3300 semper
964 3203 1008 3277 fit
1035 3229 1060 3278 s
1087 3206 1266 3280 resetione

229 3319 393 3415 eorporis
409 3319 593 3416 percussi:
621 3316 686 3391 sed
703 3339 875 3390 recursus
888 3339 963 3390 non
991 3339 1153 3415 semper.
1203 3318 1265 3391 Re

229 3454 357 3503 cursus
374 3431 474 3505 enim
491 3455 566 3504 non
583 3431 627 3503 fit
642 3428 845 3527 premendo
868 3427 1058 3525 pulverem
1081 3433 1265 3515 nitratnm,

228 3543 334 3617 seda
348 3545 385 3616 vi
407 3545 577 3633 flammae,
596 3568 680 3641 quae
698 3567 854 3618 accenso
878 3542 1030 3639 pulvere
1048 3567 1265 3642 quaquaver-

228 3679 310 3729 sum
326 3658 518 3753 aequaliter
532 3670 713 3730 movetur.

279 3768 330 3843 A.
356 3770 560 3843 Recursum
576 3770 681 3843 illum
697 3782 827 3843 natum
844 3791 924 3842 esse
940 3780 1117 3865 putaram
1130 3773 1178 3846 ab
1190 3794 1265 3846 aere

227 3882 267 3954 in
284 3906 463 3957 canonem
488 3883 665 3958 redeunte
680 3894 875 3981 postquam
897 3883 1047 3957 flamma
1063 3896 1104 3959 et
1120 3887 1195 3982 pilo
1210 3908 1266 3958 er·

226 3995 341 4092 plosae
375 4008 508 4071 essent.
576 3997 673 4071 Nam
711 4007 754 4070 ut
787 3996 860 4069 loci
898 4008 1059 4085 tantum,
1094 4011 1265 4094 quantum

226 4132 386 4182 vacuum
417 4123 570 4207 propter
600 4109 850 4206 explosionem
880 4108 1167 4205 relinqueretur,
1197 4124 1265 4185 mm

225 4224 347 4296 subito
364 4245 449 4295 sere
466 4225 629 4298 intrante
642 4245 709 4319 per
721 4222 887 4296 foramen
901 4222 1078 4319 exiguum
1094 4225 1188 4300 illud
1200 4248 1266 4322 quo

224 4336 344 4431 pulvis
362 4338 644 4424 accendebatur,
664 4336 808 4433 impleri
824 4358 930 4430 posse
944 4360 1020 4409 uon
1038 4352 1223 4434 putaram.

274 4450 323 4524 B.
350 4448 516 4524 Flamma
533 4450 596 4524 illa
612 4447 705 4521 nihil
729 4447 830 4522 aliud
847 4461 903 4521 est
926 4461 1064 4544 praeter
1084 4452 1265 4548 pulverem

549 4637 567 4670 ¹*
591 4632 639 4693 Sic
653 4633 723 4694 edit.
743 4635 819 4693 1662
833 4644 864 4693 et
880 4636 965 4693 1668.
