2618 5092
221 650 297 719 450
362 663 417 717 na
435 662 671 718 uniuersus
689 662 742 719 ιτ
759 660 1139 719 uarrocruarroarr

32 860 103 903 cm.
118 858 183 899 xxi.
223 832 354 924 druto,
370 842 581 909 extructum
597 856 681 909 erre
696 830 886 909 nomn
901 828 1098 907 anemio
1108 828 1215 909 k-St
1225 857 1265 907 es

22 926 180 1043 ὦ
222 970 373 1021 onmem
390 946 563 1022 cuborum
577 944 807 1022 extrahatur
830 944 953 1021 radis
967 944 1117 1039 abba,
1132 954 1265 1021 abac

20 1048 165 1173 ffiffi
222 1068 297 1132 tum
314 1084 500 1133 numerum
516 1083 599 1134 ecre
614 1058 1061 1133 linearum-Punctum
1077 1056 1263 1149 ccxciiii,

221 1181 260 1246 et
290 1171 425 1246 lincam
453 1171 542 1248 duci
563 1194 682 1271 posce
705 1194 784 1269 quc
810 1168 954 1247 nouam
979 1170 1122 1247 habeut
1146 1170 1263 1247 latito·

219 1285 353 1360 dium.

271 1398 348 1473 Qui
359 1397 649 1495 propositionem
662 1397 760 1472 hanc
771 1396 915 1494 primus
927 1396 1113 1487 exhibuit,
1126 1396 1262 1473 demon·

219 1512 353 1591 stravit
377 1511 480 1585 illam
503 1512 613 1609 juxta
639 1510 856 1586 methodum
882 1510 1085 1585 Corollarii
1108 1509 1261 1609 proxime

219 1624 478 1723 procedentis,
504 1625 576 1699 hoc
598 1623 732 1699 modo:
759 1624 877 1699 diviso
893 1647 988 1699 arcu
1014 1624 1082 1700 BG
1104 1624 1261 1699 bifariam

219 1738 259 1811 in
276 1761 309 1828 c,
327 1738 434 1812 duxit
449 1737 572 1812 sinum
588 1760 696 1811 arcus
715 1736 777 1826 bc,
801 1758 913 1833 quem
929 1737 1056 1812 sinum
1075 1735 1262 1835 duplicauit

218 1850 429 1948 producens
445 1850 495 1925 ud
517 1874 550 1924 e.
603 1848 748 1925 Deinde
771 1847 923 1923 ductam
939 1848 1005 1939 lc,
1024 1850 1150 1924 sinum
1167 1872 1261 1923 arcus

220 1963 297 2053 BG,
315 1964 485 2039 bifariam
505 1964 624 2038 secuit
639 1963 678 2037 in
692 1986 751 2062 g;
773 1964 999 2061 junctusque
1016 1987 1086 2063 cg,
1102 1964 1173 2053 ιθ,
1189 1988 1261 2061 pro·

220 2078 351 2153 ductus
367 2078 562 2177 supposuit
576 2075 626 2152 ad
648 2077 748 2152 latus
766 2076 832 2150 ΒΑ
848 2076 1091 2173 productum.
1153 2078 1200 2152 Et
1214 2077 1261 2150 bi·

220 2191 381 2266 secando
404 2215 532 2266 rursus
555 2214 683 2266 arcum
701 2192 770 2278 Bc,
787 2190 975 2287 ductoque
1004 2191 1091 2266 sinu
1114 2193 1203 2288 ejus,
1229 2202 1262 2265 et

220 2302 339 2379 diviso
357 2306 410 2404 lg
432 2305 613 2395 bifariam,
637 2318 749 2401 atque
775 2302 907 2377 eodem
933 2303 1048 2378 modo
1075 2305 1261 2379 bisecundo

221 2418 398 2513 quamdiu
433 2420 620 2515 quantitas
657 2416 814 2490 bisecari
852 2426 991 2512 potest,
1026 2419 1261 2493 concludebat

220 2545 344 2628 partes
363 2555 470 2605 arcus
488 2532 553 2605 BG
565 2530 731 2629 partibus
748 2529 850 2603 sinus
869 2530 921 2604 IG
933 2530 1075 2628 ubique
1090 2554 1172 2606 esse
1189 2557 1261 2629 pro

221 2644 457 2740 portionales.
510 2646 553 2717 Id
571 2644 670 2741 quod
688 2656 727 2716 et
743 2667 871 2716 verum
891 2655 960 2732 est,
979 2657 1017 2717 et
1037 2645 1084 2719 ab
1108 2646 1171 2719 illo
1187 2669 1262 2718 vere

219 2757 374 2831 illatum.
427 2758 601 2855 Sequitur
623 2768 747 2830 autem
775 2757 873 2846 inde,
891 2771 997 2832 recta
1015 2759 1075 2832 Ge
1092 2759 1263 2857 producta

219 2870 268 2943 ad
286 2871 344 2944 BS
363 2871 400 2944 in
419 2871 444 2960 i,
462 2885 602 2944 rectum
621 2870 672 2943 Bi
689 2869 869 2966 aequalem
888 2894 969 2943 esse
987 2873 1093 2946 arcui
1123 2874 1208 2957 BG;
1231 2886 1264 2945 et

219 2984 374 3079 proinde
392 2997 510 3058 totam
537 2995 677 3057 rectum
695 2982 753 3056 BS
772 2983 953 3078 aequalem
972 3007 1053 3059 esse
1076 2988 1180 3060 arcui
1203 2986 1264 3060 toti

272 3212 356 3285 Hoc
386 3223 511 3284 autem
536 3235 559 3284 a
581 3210 690 3284 dictis
717 3208 989 3307 professoribus
1017 3210 1265 3310 impugnatum

223 3336 294 3413 est,
312 3325 449 3420 partim
467 3349 513 3397 ex
537 3323 673 3396 tabulis
700 3325 859 3411 sinuum,
884 3326 1135 3420 tangentium,
1153 3341 1192 3400 et
1217 3349 1266 3398 se

221 3439 399 3526 cautium,
418 3438 553 3534 partim
571 3437 618 3509 ob
637 3436 861 3510 authoritate
879 3436 1129 3512 Archimedis.
1174 3439 1268 3514 Quo·

222 3550 321 3623 niam
340 3562 464 3623 autem
482 3549 618 3622 tabulae
641 3550 713 3623 illae
731 3560 959 3622 constructae
986 3565 1075 3625 sunt
1099 3577 1168 3650 per
1184 3552 1268 3626 mui-

224 3662 491 3757 tiplicationem
504 3663 611 3736 lineae
621 3687 688 3759 per
704 3686 913 3752 numerum,
926 3665 1035 3760 cujus
1053 3669 1268 3763 productum

222 3775 314 3848 falso
333 3787 551 3871 computant
577 3799 646 3871 pro
664 3799 818 3848 numero
836 3776 1131 3870 quadratorum
1158 3794 1196 3856 et
1210 3804 1268 3878 per

222 3889 489 3962 extructionem
507 3888 673 3962 radicum
691 3889 825 3963 exiliis
843 3890 1049 3984 quadratis,
1068 3919 1163 3992 quas
1179 3896 1268 3970 radi·

223 4026 285 4077 ces
313 4003 405 4076 falso
430 4012 649 4098 computant
671 4026 740 4099 pro
758 4025 913 4076 numero
932 4004 1141 4083 linearum:
1168 4034 1269 4106 argu·

223 4129 390 4189 mentum
420 4128 606 4212 sumptum
636 4139 682 4188 ex
712 4115 784 4188 illis
817 4116 954 4191 tabulis
984 4121 1062 4192 vim
1093 4121 1270 4197 refutandi

223 4232 362 4304 nullam
379 4227 553 4303 habent*.
607 4230 655 4302 Et
672 4229 846 4325 quoniam
865 4231 1116 4310 Archimedes
1134 4238 1211 4334 ipse
1222 4236 1270 4309 di-

223 4347 449 4419 mensionem
476 4343 603 4418 circuli
628 4368 733 4417 suam
758 4342 993 4419 demonstrat
1017 4372 1086 4444 per
1113 4351 1269 4426 radicum

933 4510 941 4515 ”
957 4511 974 4517 ”“
1004 4512 1014 4518 “
1033 4510 1269 4525 -ὴ--ι--αῠ

604 4610 618 4642 “
644 4606 693 4667 Sic
707 4606 786 4665 Edit.
807 4608 891 4665 loos.
