2640 5092
383 624 438 679 na
458 626 630 680 narnus
647 626 785 680 arms.
1030 613 1103 681 285

50 800 180 888 potest
203 790 260 864 vis
287 790 350 865 illa
378 817 454 890 qua
479 795 646 868 incussus
675 805 781 878 erat;
807 804 919 889 atque
947 793 1059 868 etiarn
1081 819 1105 868 a

51 918 163 980 tauta
188 907 461 1001 compressione
488 908 649 1005 aliquem
674 906 830 1004 gradum
856 907 1104 982 consistentiae

53 1019 149 1107 fieri,
163 1041 384 1115 quamquam
398 1021 638 1094 consistentia
650 1044 755 1116 aquae
766 1020 957 1092 minorem.
993 1020 1105 1095 Quod

53 1132 86 1204 si
109 1142 211 1204 esset
232 1131 269 1202 iu
288 1131 417 1205 iisdem
440 1132 628 1228 particulis
650 1133 746 1205 aeris
769 1132 950 1221 omuibus,
968 1146 1105 1229 praeter

54 1256 203 1319 motum
220 1243 323 1317 illum
341 1269 415 1341 quo
432 1245 548 1319 altera
568 1245 721 1319 alteram
739 1246 885 1341 premit,
905 1259 1026 1320 motus
1042 1247 1104 1320 ille

55 1356 248 1429 circularis
270 1357 436 1453 simplex,
454 1357 557 1453 isque
584 1358 672 1432 satis
690 1358 910 1431 vehemens:
938 1359 1104 1455 impossi-

55 1468 128 1542 bile
145 1469 226 1541 fere
243 1480 338 1543 esset
354 1493 466 1543 unam
484 1493 610 1543 earum
626 1494 650 1542 a
666 1494 733 1543 suo
750 1470 899 1544 circello
913 1471 1104 1562 dimoveri,

56 1583 147 1679 quin
178 1582 331 1679 reliquis
361 1584 551 1681 particulis
578 1582 842 1671 resistentibus,
870 1595 970 1657 totns
996 1584 1105 1658 simul

55 1708 280 1782 moveretur,
315 1694 354 1770 id
381 1708 449 1785 est,
479 1708 598 1769 totum
634 1695 767 1768 durum
801 1708 909 1769 esset.
961 1696 1104 1770 Durum

57 1808 157 1881 enim
187 1820 244 1881 cst
270 1819 390 1882 totum
415 1806 518 1897 illud,
542 1809 646 1903 cujus
671 1806 773 1880 nulla
798 1805 897 1880 cedit
922 1830 1008 1902 pars
1033 1809 1105 1882 uisi

57 1920 213 1994 cedente
232 1931 323 1994 toto.
374 1919 485 1993 Vides
512 1942 601 2017 ergo
628 1942 735 2015 posse
760 1920 840 1992 fieri
867 1919 1039 1993 duritiem
1065 1923 1104 1996 in

57 2032 276 2106 fluidissimo
299 2055 385 2106 aere
406 2056 474 2129 per
500 2046 642 2107 motum
664 2034 762 2106 hunc
784 2033 998 2107 circularem
1018 2035 1107 2108 sim·

58 2145 193 2242 plicem
223 2144 498 2242 particularum,
516 2146 648 2242 quibus
676 2145 750 2219 duo
777 2159 899 2219 motus
929 2148 1105 2220 contrarii

59 2270 146 2333 aute
164 2257 344 2332 dederant
360 2258 590 2355 vertiginem.
634 2258 768 2332 Vidisti
785 2283 931 2355 quoque
947 2259 1105 2356 gradum

58 2369 209 2444 duritiei
237 2369 318 2444 dari
347 2370 507 2465 aliquem
532 2395 639 2468 posse
662 2395 685 2444 a
705 2371 783 2444 sola
806 2373 1103 2467 compressione:

58 2483 98 2556 id
120 2482 221 2580 qnod
248 2485 489 2558 confirmatur
513 2484 625 2558 etiam
654 2485 692 2557 iu
721 2484 960 2582 generatione
982 2486 1104 2559 caruis

59 2597 157 2670 intra
174 2596 359 2670 musculos
372 2597 524 2671 humaui
541 2598 718 2694 corporis.
755 2598 851 2670 Nam
871 2598 1004 2685 earnis,
1022 2622 1105 2696 qnae

60 2708 100 2783 in
128 2708 305 2783 musculis
331 2709 556 2799 continetur,
581 2710 736 2785 materia
758 2710 845 2784 illuc
868 2711 1024 2785 advecta
1050 2725 1107 2785 est

58 2821 117 2896 vel
134 2845 203 2919 per
220 2821 386 2912 arterias,
399 2824 456 2896 rel
473 2846 540 2920 per
556 2846 699 2898 nervos.
752 2825 838 2898 Non
855 2848 920 2920 per
937 2826 1104 2914 arterias,

58 2934 97 3009 in
131 2936 264 3032 quibus
297 2935 390 3010 nihil
423 2935 543 3009 fertur
575 2949 710 3034 praeter
743 2939 981 3034 sanguinem:
1018 2962 1104 3011 earo

58 3059 185 3122 autem
213 3071 286 3121 non
315 3070 360 3121 ex
389 3049 566 3143 sanguine
594 3061 753 3138 constat,
778 3050 840 3146 qui
868 3051 970 3123 salva
994 3073 1104 3124 carue

58 3161 133 3234 elui
166 3171 302 3258 potest.
355 3161 481 3235 Quare
515 3161 669 3234 materia
702 3162 823 3234 carnis
858 3161 1023 3236 defertur
1055 3161 1104 3235 ad

58 3274 245 3347 musculos
257 3297 325 3370 per
337 3297 481 3347 nervos.
520 3275 680 3348 Materia
695 3287 818 3349 autem
830 3299 913 3370 quae
930 3275 968 3349 in
982 3275 1105 3349 nervis

58 3387 272 3463 continetur
300 3386 536 3460 tenuissimus
563 3387 713 3483 spiritus
743 3398 822 3460 est:
858 3389 921 3484 qui
951 3412 1036 3461 cum
1065 3389 1104 3461 in

58 3500 234 3573 musculis
266 3499 309 3573 fit
338 3522 437 3587 caro,
472 3513 619 3573 constat
649 3524 694 3573 ex
726 3501 926 3575 innumeris
959 3500 1105 3574 filiculis

57 3613 150 3687 adeo
170 3613 322 3686 minutis
339 3625 378 3684 et
395 3613 578 3703 fissilibus
589 3627 632 3687 ut
645 3615 762 3687 visum
780 3614 930 3687 tandem
947 3613 1104 3710 fugiant.

59 3725 169 3801 Unde
192 3738 318 3800 autem
341 3726 422 3797 fieri
452 3726 523 3798 hoc
550 3737 682 3821 potest,
701 3727 771 3799 nisi
792 3726 892 3822 quod
916 3727 1105 3823 spiritnse

59 3840 226 3928 cerebro,
253 3862 449 3912 nervorum
478 3850 620 3912 meatus
649 3839 780 3935 longos
807 3841 1104 3936 arctissimosque

59 3953 254 4039 transiens,
271 3975 338 4047 per
355 3952 664 4047 compressionem
685 3952 929 4048 inspissetur?
980 3954 1105 4049 Atque

59 4066 143 4140 talis
161 4064 311 4162 quidem
328 4088 407 4137 esse
425 4078 548 4160 potest
565 4089 677 4138 causa
695 4067 856 4140 efficiens
874 4066 962 4140 duri
972 4065 1103 4164 primi.

60 4179 163 4251 Dari
187 4190 312 4251 autem
336 4176 498 4266 secundi,
517 4177 556 4250 id
582 4192 650 4266 est,
668 4178 750 4251 duri
768 4204 790 4252 a
807 4179 1013 4253 cohaesione
1037 4176 1105 4250 du-

61 4314 185 4365 rorum
202 4292 418 4386 primorum,
431 4314 542 4364 causa
558 4303 681 4388 potest
693 4315 773 4365 esse
786 4304 910 4366 motus
927 4291 987 4364 ille
1005 4289 1104 4362 idem

62 4403 250 4478 circularis
267 4401 421 4498 simplex
438 4405 659 4499 conjunctus
677 4427 762 4477 cum
779 4414 954 4477 contactu
970 4425 1105 4477 eorun-

63 4515 145 4596 dem
178 4515 413 4614 superficiali,
447 4516 505 4590 vel
540 4517 652 4592 etiam
687 4517 931 4591 intricatione.
993 4515 1043 4589 At
1073 4515 1104 4588 si
