2640 5092
403 610 741 666 oaounrunnuu.
1019 595 1094 662 429

101 785 173 859 Per
189 783 441 859 definitionem
458 784 626 883 quintam
639 786 755 860 Elem.
770 810 794 858 v
797 809 902 882 ‚quae
919 786 1000 859 haee
1019 797 1096 859 est·
1140 801 1209 844 ⁰⁰·
1223 800 1276 843 ιν·

49 895 247 970 Rationem
269 895 404 969 trahere
424 896 522 970 inter
539 921 580 970 ae
609 897 885 996 magnitudines
909 898 1096 986 dicuntur,
1126 928 1282 973 mnume-

52 1035 132 1108 quoe
152 1019 314 1108 possunt
340 1008 593 1108 nultiplicata
622 1035 705 1084 sese
734 1020 856 1084 mutuo
885 1033 1097 1110 superare:
1127 992 1175 1038 “¹
1176 992 1220 1038 “¹¹²

51 1123 213 1220 explicat
229 1123 414 1207 Euclides,
429 1136 473 1195 ut
500 1135 601 1196 reete
627 1122 719 1196 dicit
744 1122 903 1213 Cluvius,
922 1122 1097 1219 quidnam

50 1236 242 1332 requirant
260 1236 343 1310 duae
370 1236 596 1332 quantitates
620 1235 783 1331 ejusdem
815 1235 963 1332 generis
980 1247 1023 1308 ut
1040 1258 1099 1309 ra·

51 1348 191 1423 tionem
223 1348 393 1422 dieantur
422 1349 570 1438 habere,
599 1372 743 1446 nempe,
775 1350 806 1422 si
834 1374 910 1424 non
938 1349 1099 1424 habeant

51 1461 149 1535 hanc
167 1460 417 1535 conditionem
442 1471 483 1535 ut
505 1461 623 1535 altera
651 1463 768 1558 possit
786 1464 1030 1559 multiplicata
1046 1462 1099 1537 al·

51 1586 173 1650 teram
190 1596 374 1670 superare,
393 1596 468 1647 non
483 1597 560 1646 esse
573 1573 655 1646 illas
672 1598 792 1671 neque
806 1576 969 1673 eJusdem
987 1598 1099 1672 gene-

51 1687 116 1777 ris,
134 1709 255 1783 neque
272 1686 408 1759 habere
425 1685 522 1761 inter
539 1709 578 1759 se
597 1687 789 1761 rationem.

103 1798 214 1875 Unde
227 1797 462 1873 manifestum
476 1811 543 1887 est,
555 1799 686 1895 primo,
700 1800 845 1887 lineam,
857 1801 1098 1898 superficiem,

52 1925 93 1987 et
108 1910 266 1987 solidum
284 1934 364 1985 esse
382 1911 527 1985 diversa
543 1934 692 2007 genera,
710 1914 768 1987 vel
794 1914 919 2009 potius
938 1913 1099 1988 diversas

51 2025 195 2124 species
210 2024 439 2121 quantitatis.
480 2023 592 2097 Nulla
608 2025 707 2098 enim
724 2027 854 2100 harum
865 2028 1099 2123 quantumvis

52 2136 301 2233 multiplicata
317 2136 471 2211 alteram
489 2138 688 2233 superabit.

106 2249 290 2339 Secundo,
307 2249 465 2345 angulus
491 2249 638 2347 genitus
663 2274 709 2323 ex
736 2263 839 2324 motu
862 2251 1043 2340 circulari,
1061 2264 1099 2327 et

53 2363 213 2460 angulus
242 2374 447 2452 contaetus,
478 2362 632 2438 diversae
664 2378 750 2436 sunt
780 2364 920 2461 species
952 2366 1100 2461 quanti-

55 2477 159 2550 tatis.
198 2475 367 2572 Angulus
384 2477 483 2550 enim
500 2488 693 2551 contactus
711 2477 812 2552 nulla
828 2504 990 2576 unquam
1009 2479 1100 2553 mul·

55 2589 288 2686 tiplicatione
315 2591 502 2686 superabit
532 2591 707 2688 angulum
735 2592 903 2688 genitum
927 2617 973 2666 ex
996 2604 1101 2666 motu

55 2702 240 2777 circulari.

107 2817 246 2907 Tertio,
265 2818 360 2892 ratio
377 2818 526 2914 majoris
553 2818 601 2892 ad
631 2818 764 2904 minus,
782 2830 820 2892 et
837 2819 933 2893 ratio
951 2818 1102 2891 minoris

57 2929 106 3004 ad
133 2933 264 3028 majus,
282 2944 369 3005 sunt
386 2930 539 3005 diversae
557 2933 696 3028 species
724 2933 952 3029 quantitatis.
1006 2931 1102 3004 Nam

58 3043 155 3116 ratio
185 3043 336 3117 minoris
366 3043 414 3116 ad
435 3044 566 3139 majus,
586 3043 861 3141 quantomagis
880 3042 1100 3140 multiplica-

58 3168 132 3244 tur,
150 3167 257 3233 tanto
276 3180 420 3255 semper
437 3157 557 3231 minor
575 3169 644 3231 est.

486 3658 592 3731 CAP.
617 3658 720 3731 XVI.

248 3830 378 3883 nulum
399 3830 452 3882 DE
473 3830 697 3885 RATIONUM
718 3832 918 3886 cuneum.

61 3950 264 4038 enarres,
282 3948 329 4022 ad
346 3972 452 4044 prop.
470 3957 531 4037 23,
550 3948 666 4023 Elem.
683 3950 731 4039 vi,
749 3950 859 4023 aliam
888 3949 1001 4023 habet
1027 3972 1103 4022 me-

60 4062 217 4137 thodum
245 4060 489 4157 componendi
516 4061 688 4135 rationes.
742 4063 826 4137 Sint
843 4063 925 4136 duae
942 4062 1105 4137 rationes

60 4174 186 4252 uada
209 4187 246 4249 et
263 4183 285 4248 2
303 4175 352 4250 ad
369 4181 392 4248 8
410 4175 685 4271 componendae.
736 4177 817 4251 Fiat
833 4189 876 4250 ut
892 4186 914 4250 2
933 4176 980 4249 ad
998 4185 1035 4264 8,
1051 4176 1106 4250 ita

61 4311 291 4385 consequens
315 4297 337 4361 4
359 4286 408 4361 ad
435 4287 630 4363 uliam16:
656 4289 797 4386 eritque
828 4289 921 4364 ratio
948 4288 1038 4363 6ad
1060 4297 1103 4363 16

62 4401 268 4500 composita
293 4425 338 4475 ex
355 4400 559 4475 rationibus
576 4409 599 4474 6
618 4402 700 4476 adt
720 4415 757 4477 et
774 4413 797 4476 2
815 4401 864 4476 ad
883 4408 919 4475 8.
970 4401 1104 4476 Positis

62 4514 163 4591 enim
190 4513 320 4588 ordine
351 4514 408 4589 his
436 4515 597 4590 numeris
628 4524 664 4606 6,
692 4525 729 4606 4,
762 4523 819 4606 16,
850 4515 992 4612 priores
1021 4515 1104 4591 duae
