2618 5092
193 678 266 753 280
512 690 566 743 nn
587 688 758 745 aaroni
774 684 925 743 anain·

192 862 371 956 majorem
389 880 569 954 occupare
585 855 709 932 locum
725 855 828 931 dicas
843 878 954 954 quarn
967 876 1068 950 nque
1078 852 1166 943 sola,
1179 850 1222 927 nil

194 974 327 1047 mirum
339 970 441 1044 dicis.

245 1084 292 1158 Β.
319 1084 424 1172 Dico,
454 1105 589 1178 aquam
618 1079 775 1155 eandem
806 1102 963 1155 numero
997 1077 1040 1153 in
1072 1074 1224 1175 cylindro

194 1199 313 1273 vitreo
329 1196 440 1270 altius
457 1193 665 1269 ascendisse
681 1192 915 1291 congelatam
932 1214 1045 1289 qnam
1060 1214 1139 1265 non
1153 1212 1226 1265 con·

194 1310 369 1408 gelatam.

245 1424 296 1496 Α.
322 1420 506 1517 Intelligo.
537 1419 583 1492 ln
593 1431 803 1493 causaerat
819 1418 920 1516 quod
935 1440 1035 1515 aqua
1047 1414 1229 1513 eongeluta

196 1536 311 1610 levior
324 1548 392 1623 est,
406 1556 516 1630 quam
529 1532 819 1628 noncongelata
845 1531 1229 1605 Noruntenimomnm

196 1650 352 1746 glaciem
370 1657 560 1721 natantem
573 1657 678 1742 parte
695 1645 753 1719 sui
776 1645 912 1742 aliqua,
929 1656 1039 1717 extra
1053 1641 1230 1741 eqnmin

195 1786 273 1859 qua
297 1770 414 1849 natat,
438 1758 611 1832 eminere.
663 1757 776 1834 Quod
792 1769 918 1831 autem
933 1780 1096 1853 corpora
1119 1755 1231 1831 omnia

199 1899 282 1972 qnae
308 1873 404 1948 mole
425 1872 581 1968 aequalia
596 1894 693 1967 aqua
707 1870 880 1968 graviora
907 1880 1008 1959 sunt,
1024 1869 1231 1953 subsidunt;

198 2000 239 2062 et
254 2012 337 2084 quae
354 1986 504 2075 leviora,
522 1985 687 2058 eminent
701 2016 712 2070 ;
728 2008 812 2082 quae
828 1993 952 2058 autem
970 1982 1109 2079 aequali
1123 1980 1233 2081 gravi·

199 2112 276 2175 tate
293 2111 392 2188 sunt,
409 2098 462 2171 ita
486 2109 618 2171 natant
642 2110 686 2171 ut
712 2120 855 2172 summa
878 2120 1007 2171 eornm
1033 2095 1233 2194 superficies

197 2210 381 2285 collocata
396 2211 444 2284 sit
459 2211 499 2283 in
522 2210 715 2307 superficie
742 2234 859 2306 aquae,
879 2209 1151 2284 demonstravit
1175 2208 1234 2283 Ar·

200 2323 395 2396 chimedes

250 2434 297 2509 B.
328 2434 384 2507 Ad
407 2435 682 2530 generationem
712 2457 800 2530 ergo
822 2433 953 2530 glaciei
976 2434 1234 2531 explicandam,

202 2549 449 2620 necessarium
479 2570 558 2619 esse
588 2546 705 2631 video,
733 2570 808 2619 non
830 2546 940 2620 modo
967 2548 1059 2643 quid
1082 2549 1132 2621 sit
1153 2547 1236 2621 scire

202 2661 301 2756 quod
317 2685 452 2756 aquam
469 2659 560 2732 facit
577 2661 809 2755 congelatam
825 2661 999 2733 leviorem
1018 2685 1131 2757 quam
1160 2672 1236 2733 ante

202 2787 291 2863 crat,
323 2772 388 2846 sed
417 2772 528 2845 etiam
555 2772 643 2867 quid
671 2773 719 2845 sit
746 2772 846 2869 quod
873 2772 1030 2846 eandem
1061 2773 1152 2847 facit
1180 2772 1237 2845 du·

203 2889 348 2960 riorem.

252 3001 300 3073 A.
330 2998 522 3072 Leviorem
552 2998 653 3086 facit,
684 2998 860 3096 quicquid
892 3011 1068 3072 conatum
1098 3001 1178 3096 ejus
1199 2997 1240 3071 ad

202 3127 370 3186 centrum
388 3127 496 3184 terrae
515 3112 657 3184 minuat
675 3111 752 3184 sive
765 3111 941 3208 impediat
956 3144 966 3196 ;
984 3111 1024 3185 id
1041 3136 1132 3186 vero
1149 3110 1241 3186 aliud

203 3250 280 3299 esse
311 3250 385 3298 non
416 3235 538 3320 potest
565 3236 701 3321 praeter
730 3236 872 3297 motum
902 3225 1058 3321 alicujus
1085 3224 1242 3323 corporis

203 3339 353 3411 conatui
377 3338 548 3411 deorsum
576 3337 798 3435 oppositum,
818 3340 941 3411 sinon
971 3338 1241 3424 diametrnliter‚

204 3463 242 3525 at
260 3452 389 3525 saltem
407 3450 580 3547 oblique;
606 3451 727 3545 idque,
746 3451 823 3522 sive
848 3450 986 3545 glacies
1013 3452 1082 3523 fiat
1108 3452 1147 3524 in
1165 3474 1242 3524 vase

203 3588 270 3658 per
300 3565 383 3636 nive
413 3563 562 3637 mistum
592 3563 656 3653 sal,
675 3563 750 3634 sive
780 3563 817 3634 in
844 3562 933 3635 locis
960 3564 1111 3657 apertis,
1139 3565 1243 3637 utin

203 3701 341 3749 oceano
359 3676 636 3774 septentrionali
654 3674 713 3749 vel
731 3675 971 3749 meridionali.
1024 3676 1100 3749 Sed
1117 3689 1157 3750 et
1183 3677 1242 3749 du-

203 3790 337 3861 riorem
355 3790 444 3862 facit
461 3802 581 3862 motus
595 3788 726 3885 aliquis
745 3788 945 3884 oppositus
998 3789 1098 3861 Nam
1118 3790 1244 3863 durum

204 3901 360 3974 dicimus
378 3901 467 3974 illud
487 3914 631 3974 tantum
649 3925 795 3996 corpuS‚
810 3902 914 3997 cujus
931 3914 1038 3997 parte
1051 3926 1129 3975 uua
1153 3914 1245 3975 mota

203 4016 410 4088 necessario
429 4015 526 4088 cedit
544 4026 686 4088 totum:
706 4027 750 4087 ut
766 4014 858 4109 lapis
877 4013 990 4086 durus
1004 4014 1155 4103 dicitur,
1166 4014 1245 4112 quia

204 4131 233 4203 si
252 4153 362 4202 unam
381 4130 458 4225 ejus
475 4140 617 4224 partem
635 4152 791 4224 premas,
818 4139 919 4200 totus
936 4128 1055 4217 cedet,
1074 4140 1140 4201 aut
1166 4150 1244 4224 pars

204 4268 333 4339 pressa
350 4266 426 4315 non
445 4242 562 4330 cedet,
582 4243 710 4314 saltem
726 4239 959 4313 sensibiliter.
1013 4241 1120 4314 Unus
1138 4242 1245 4338 igitur

206 4371 327 4429 motus
353 4369 432 4428 tum
459 4355 645 4427 levitatem
675 4352 821 4450 glaciei,
850 4366 930 4426 tum
960 4353 1148 4444 duritiem,
1175 4356 1245 4427 sive

206 4469 481 4543 consistentiam
525 4470 697 4565 partium,
735 4467 877 4540 efficere
918 4477 1054 4563 potest.
1125 4470 1243 4542 Motus
