2640 5092
770 46 783 78 ,r

782 81 796 102 ὲ.

258 651 573 706 undeciremem
594 653 839 706 nomentum.
1003 641 1077 706 22³

78 814 281 893 Ostensum
312 821 410 893 enim
444 832 512 909 est,
543 819 642 917 quod
678 832 847 893 centrum
884 820 1078 916 gravitatis
1113 845 1263 888 orimum

33 930 255 1006 semicirculi
283 934 434 1008 ABCD
458 945 515 1007 est
532 934 570 1006 iu
590 944 692 1007 recta
709 934 789 1022 AC,
808 956 891 1031 quae
908 957 931 1006 a
949 946 1078 1006 centro

33 1040 211 1117 Adividit
229 1046 499 1120 semicirculum
518 1046 665 1120 ABCD
681 1047 873 1130 bifariam
893 1046 1078 1142 distatque

33 1167 210 1250 upuncto
229 1159 262 1230 A
280 1171 424 1232 tantum
453 1175 592 1255 quanta
612 1170 668 1232 cst
685 1159 768 1248 AO,
786 1159 825 1233 id
853 1172 922 1246 est,
941 1171 1079 1255 quanta

33 1279 87 1340 est
104 1268 190 1344 duae
208 1272 453 1367 quindecimae
471 1286 582 1345 rectae
604 1274 684 1363 DF,
713 1273 790 1346 sive
818 1296 927 1346 arcus
956 1271 1076 1345 BCD.

33 1380 104 1455 Sed
122 1383 163 1457 in
180 1386 351 1460 omnibus
366 1388 604 1460 semicirculis
616 1398 745 1460 centra
757 1387 950 1484 gravitatis
967 1386 1078 1459 situm

33 1494 172 1571 habent
184 1499 352 1575 similem.
405 1502 529 1576 Quare
554 1513 723 1574 centrum
746 1501 940 1598 gravitatis
970 1500 1078 1572 semi-

33 1608 173 1700 circuli,
191 1614 297 1709 cujus
314 1613 494 1688 diameter
518 1627 574 1688 est
591 1615 671 1704 DF,
702 1615 816 1689 distat
832 1639 855 1687 a
871 1625 1011 1711 puncto
1044 1614 1077 1687 D

33 1730 177 1797 tantum
203 1738 343 1822 quanta
367 1738 422 1801 est
451 1728 534 1802 duae
561 1727 805 1823 quindecimae
832 1750 940 1800 arcus
970 1727 1078 1799 semi-

33 1836 171 1924 circuli,
190 1841 294 1936 cujus
308 1841 488 1915 diameter
499 1853 555 1914 est
569 1840 651 1929 DF,
668 1840 820 1936 aequalis
837 1841 939 1913 arcui
958 1839 1076 1914 BCD.

33 1949 97 2023 Est
123 1962 249 2024 autem
281 1977 388 2027 arcus
411 1953 643 2041 semicirculi,
672 1954 776 2049 cujus
811 1954 993 2026 diameter
1024 1966 1080 2026 est

33 2063 183 2160 equalis
199 2066 303 2139 arcui
321 2065 440 2154 BCD,
452 2067 603 2163 aequalis
619 2067 815 2163 (perprop.
832 2067 898 2159 iit)
916 2067 1079 2162 quinque

33 2176 248 2268 semiradiis,
280 2179 357 2253 sive
384 2180 588 2277 quintuplae
616 2181 697 2254 ΒΟ.
750 2181 880 2277 Itaque
910 2190 1079 2252 centrum

33 2290 225 2386 gravimtis
255 2293 368 2368 distat
397 2319 420 2367 a
448 2306 576 2368 centro
603 2294 649 2383 D,
678 2304 826 2367 tantum
850 2304 991 2389 quanta
1022 2306 1079 2366 est

33 2401 114 2478 tluae
131 2405 376 2500 quindecimae
391 2406 594 2503 quintuplae
613 2405 698 2496 ΑΒ,
716 2407 755 2480 id
773 2417 840 2494 est,
861 2407 944 2479 duae
957 2407 1079 2480 tertiae

33 2516 217 2591 semiradii
236 2517 322 2594 AB.
375 2519 486 2595 Quod
501 2531 581 2593 erat
599 2519 939 2592 demonstrandum.

81 2627 255 2704 comet.
324 2632 422 2706 Dato
457 2645 586 2706 centro
616 2632 810 2728 gravitatis
844 2632 1077 2722 semicirculi,

33 2739 143 2815 datur
177 2767 325 2840 quoque
359 2757 529 2819 centrum
563 2746 756 2841 gravitatis
791 2745 934 2819 dimidii
974 2748 1078 2843 ejus;

33 2865 143 2951 utque
156 2855 269 2930 etiam
288 2859 483 2954 cujuslibet
502 2860 656 2933 sectoris
688 2860 751 2955 qui
781 2861 831 2934 sit
859 2861 1079 2935 semicirculi

33 2969 237 3065 quotalibet
252 2995 351 3067 pars.

80 3081 132 3156 B.
160 3084 354 3174 Methodo,
367 3098 410 3159 ut
427 3086 585 3175 videtur,
604 3086 733 3160 eadem
751 3111 824 3182 qua
841 3099 967 3160 centra
992 3111 1078 3183 gra-

33 3195 154 3269 uitatis
175 3197 338 3292 partium
356 3199 512 3295 cylindri
534 3199 624 3273 facti
652 3224 674 3272 a
705 3199 944 3272 conversione
977 3200 1078 3295 plani

33 3306 102 3382 DG
120 3309 224 3382 circa
240 3310 310 3384 DF
326 3313 477 3386 inventa
490 3325 588 3401 sunt,
603 3313 758 3386 inveniri
784 3322 938 3408 possunt
965 3313 1077 3384 etium

33 3437 160 3498 centra
186 3427 380 3520 gravitatis
405 3430 565 3524 partium
595 3429 751 3524 cylindri
778 3428 867 3501 facti
884 3453 907 3500 a
924 3452 1078 3501 couver-

33 3560 133 3611 uone
152 3538 319 3633 ejusdem
336 3541 436 3637 plani
455 3541 527 3614 DG
545 3541 645 3614 circa
662 3539 749 3615 DB.
802 3541 903 3616 Quid
927 3565 1016 3638 ergo
1034 3567 1078 3615 ea

33 3674 112 3747 quae
125 3662 271 3724 restant
287 3676 363 3726 non
379 3654 634 3727 demonstras?

78 3766 129 3838 A.
160 3765 294 3853 Primo,
321 3767 409 3863 quia
430 3767 510 3840 haec
527 3780 659 3864 parata
675 3767 809 3849 habui;
838 3778 1078 3840 caeteranon-

33 3876 116 3951 dum
131 3879 404 3974 contemplatus
421 3903 512 3953 sum.
568 3879 750 3968 Secundo,
769 3880 857 3976 quia
870 3879 940 3952 elia
958 3881 1078 3976 ligura

33 3989 276 4064 describenda
291 4004 398 4082 esset,
416 3993 455 4066 in
483 4017 557 4090 qua
583 3993 846 4079 semicirculus
865 3997 969 4090 cuius
1000 3994 1077 4066 dia·

34 4119 149 4178 meter
161 4118 219 4177 est
230 4103 305 4193 DF,
314 4117 410 4180 esset
424 4106 744 4196 describendus,et
756 4131 831 4179 non
841 4106 1076 4202 paucioribus

34 4214 135 4292 lineis
162 4241 274 4313 quom
301 4217 381 4291 haec
400 4231 553 4292 onerata
571 4231 639 4308 est,
668 4220 882 4302 oneranda;
909 4219 947 4292 id
979 4217 1078 4314 quod

36 4331 121 4404 mihi
138 4330 289 4428 quidem
308 4355 431 4429 operae
443 4333 605 4431 pretium
616 4358 694 4409 esse
705 4359 780 4407 non
792 4334 950 4407 videtur.
980 4333 1076 4405 Nom

74 4590 90 4623 ⁸
100 4588 227 4652 Frusm
240 4602 389 4669 queretur
402 4594 433 4653 in
447 4604 575 4655 tractatu
591 4596 645 4654 hoc
659 4594 821 4672 propositio
836 4614 926 4671 supra
938 4595 1036 4654 citato.

1118 928 1263 1030 L
