2618 5092
339 649 625 708 Quaunurunn
645 649 828 705 crucum.
1035 636 1104 701 491

430 891 569 978 Aliter,
587 889 742 965 directe.

110 1039 274 1114 Trilineo
293 1040 356 1114 CV
358 1041 387 1114 P
403 1043 527 1117 ablato
544 1066 569 1116 a
585 1053 729 1117 sectore
742 1042 851 1133 AVP,
863 1052 980 1115 restat
997 1041 1109 1114 trian-

60 1152 189 1249 gulum
207 1154 321 1228 AXP.
370 1156 471 1253 Ergo
498 1155 646 1230 trilineo
674 1168 755 1231 toto
785 1155 881 1229 CYP
909 1155 1033 1229 ablato
1062 1155 1109 1229 ab

61 1266 192 1340 eodem
210 1280 354 1342 sectore
371 1269 480 1360 AVP,
497 1269 651 1344 restabit
668 1269 891 1365 triangulam
909 1269 1017 1342 AYP.

108 1380 212 1479 Ergo
230 1393 352 1455 sector
367 1382 463 1456 ACP
480 1394 629 1479 superat
647 1383 874 1479 triangulum
887 1382 984 1455 ΑΥΡ
998 1404 1109 1476 quan-

60 1495 167 1569 titate
197 1495 449 1570 AVP—CYP.
512 1494 587 1569 Sed
613 1496 856 1570 AVP-CYP
883 1507 939 1569 est
969 1494 1110 1591 aequale

60 1608 168 1683 PQL.
221 1608 352 1706 Itaque
365 1620 488 1683 sector
504 1608 603 1682 ACP
620 1619 770 1704 superat
787 1608 885 1681 ΑΥΡ
901 1608 1111 1704 quantitate

60 1720 169 1796 PQL.
221 1722 321 1820 Ergo
338 1721 402 1796 ΟΥ
405 1723 432 1796 Ρ
457 1733 496 1794 et
522 1719 620 1796 PQL
637 1733 724 1794 sunt
752 1720 919 1818 aequalia.
971 1720 1110 1794 Addito

59 1858 148 1930 ergo
171 1834 347 1930 utrinqne
366 1835 471 1926 CYP,
489 1844 599 1908 erunt
615 1833 720 1908 AVP
737 1845 775 1907 et
803 1834 926 1908 acYP
942 1835 1108 1931 aequalia.

58 1946 105 2019 Et
122 1957 180 2022 est
196 1971 286 2044 ergo
304 1961 427 2022 sector
444 1947 551 2022 AVP
568 1946 701 2045 duplus
718 1947 857 2021 trilinei
869 1947 975 2022 CYP.
1012 1948 1109 2021 Cum

58 2057 173 2157 igitur
190 2059 287 2133 idem
299 2060 406 2135 AVP
419 2061 571 2156 aequalis
585 2061 633 2134 sit
651 2061 829 2135 ambobus
842 2060 998 2134 trilineis
1013 2061 1110 2137 Pon

59 2185 95 2246 et
112 2171 219 2264 GYP,
238 2185 348 2247 erunt
363 2173 444 2270 ipsa
461 2172 559 2256 PQL
584 2186 623 2247 et
640 2174 733 2248 CYP
758 2174 857 2248 inter
873 2197 913 2247 se
940 2175 1110 2270 aequnlia.

61 2287 230 2362 Quorum
248 2287 406 2360 alterum
423 2288 523 2363 Pon
538 2297 659 2362 totum
674 2287 860 2384 prominet
872 2295 978 2360 extra
991 2301 1109 2361 secto·

60 2424 138 2474 rem
155 2398 269 2489 ACL‚
289 2401 459 2489 alterum,
475 2425 610 2498 nempe
632 2400 695 2476 CY
698 2401 739 2492 P,
768 2413 891 2475 totum
913 2400 952 2474 in
979 2402 1110 2475 eodem

61 2525 202 2588 sectore
221 2512 320 2588 ACL
338 2526 397 2587 est
413 2515 640 2588 immersum.

110 2628 237 2702 Quare
267 2628 453 2724 triangula
480 2626 602 2717 AYP,
617 2624 720 2718 APQ
747 2627 855 2702 simul
886 2639 1045 2723 sumpta,
1070 2626 1110 2701 id

61 2752 115 2814 est
129 2751 263 2814 octava
279 2764 364 2836 pars
381 2740 495 2814 totius
506 2740 679 2838 quadrati
693 2741 837 2831 Qasr,
852 2741 1009 2837 aequalia
1022 2753 1111 2814 sunt

61 2852 203 2927 duobus
221 2853 425 2928 sectoribus
442 2852 554 2944 AGP,
568 2853 669 2928 APL
688 2854 797 2928 simul
814 2855 983 2951 sumptis,
1001 2855 1040 2928 id
1053 2866 1111 2928 est

60 2978 200 3039 octavae
216 2966 314 3062 parti
341 2966 455 3040 totius
478 2967 606 3041 circuli
633 2966 766 3041 BCDE
793 2967 895 3042 dati:
922 2980 961 3042 et
988 2981 1110 3042 totum

61 3078 282 3176 quadratum
301 3079 432 3155 QRST
449 3080 589 3176 aequale
607 3080 746 3155 circulo
763 3081 910 3179 integro
929 3082 1071 3156 BCDE.

520 3280 654 3355 Aliter.

110 3420 150 3493 Si
176 3419 403 3516 triangulum
430 3420 686 3517 rectangulum
715 3419 826 3513 AYQ
850 3423 985 3497 sectori
1008 3422 1108 3499 ΑΘΒ

61 3532 200 3629 aequale
211 3555 286 3604 non
297 3532 355 3619 sit,
367 3545 597 3629 supponatur
610 3534 837 3629 triangulum
848 3535 961 3625 aliud,
974 3538 1108 3633 primo,

60 3646 181 3719 minus
196 3669 307 3741 quam
325 3643 435 3735 AYQ
452 3645 517 3719 sed
544 3646 673 3733 simile,
697 3647 837 3721 habens
864 3651 1040 3724 verticem
1068 3653 1109 3726 in

62 3761 109 3848 A,
126 3759 224 3832 latus
242 3757 315 3855 Aq,
327 3768 365 3830 et
380 3756 499 3831 basim
516 3784 578 3857 yq,
589 3759 730 3854 aequnle
748 3783 828 3835 esse
845 3764 980 3837 sectori
994 3763 1106 3838 ACL.

61 3872 166 3946 Basis
183 3883 308 3944 autem
325 3894 376 3968 yq
394 3882 494 3945 secet
510 3896 638 3945 arcum
652 3870 713 3947 GL
729 3873 768 3947 in
778 3899 823 3973 p,
836 3888 875 3950 et
890 3889 1010 3951 rectas
1025 3877 1107 3968 ΑΟ,

61 3983 131 4061 AG
148 3985 186 4058 in
203 4009 226 4058 r
242 3997 279 4057 et
296 4010 334 4082 q.

111 4098 298 4174 Quoniam
321 4097 436 4194 igitur
459 4098 687 4196 triangulum
711 4100 797 4199 qu
814 4104 954 4201 aequnle
979 4114 1048 4194 est,
1066 4113 1108 4178 ut

61 4212 291 4309 supponitur,
310 4213 445 4285 sectori
463 4211 575 4302 ACL,
600 4226 711 4288 erunt
739 4216 887 4291 triliuea
910 4214 1005 4314 qu,
1025 4219 1109 4316 Cyp

61 4325 226 4423 aequalia.
278 4325 328 4398 Et
344 4325 431 4422 quia
458 4328 679 4423 supponitur
706 4328 789 4427 qu
816 4328 1010 4403 dimidium
1029 4354 1109 4405 esse

62 4439 216 4512 sectoris
243 4436 362 4530 AVP,
385 4439 455 4513 erit
482 4451 603 4514 sector
620 4438 725 4514 AOV
743 4465 818 4515 una
845 4468 931 4517 cum
958 4445 1109 4519 trilineo

63 4552 156 4651 Cyp,
187 4551 327 4650 aequale
351 4552 487 4630 sectori
505 4550 606 4628 ALP
630 4578 706 4629 una
733 4579 818 4630 eum
842 4558 990 4632 trilineo
1010 4558 1109 4659 qu‚
