2618 5092
287 662 611 717 uannnuanrcn
632 664 877 719 normann.
1064 651 1113 731 87

117 838 162 913 Β.
187 838 346 914 Verum.
1149 865 1299 911 nrauoons

114 949 159 1026 A.
184 952 288 1050 Ergo
305 954 531 1051 principium
547 956 712 1031 scientiae
728 967 785 1032 cst
800 958 961 1054 cognitio
978 982 1110 1033 causae.
1150 948 1294 1052 ᾧ..

120 1064 167 1138 Β.
192 1066 330 1141 Etiam.

118 1179 166 1250 Α.
193 1178 372 1276 Sequitur
396 1204 485 1279 ergo
509 1182 757 1278 cognitionem
784 1208 904 1258 cansae
928 1186 1109 1260 contineri

75 1291 202 1364 debere
218 1293 257 1365 in
274 1293 502 1368 definitione.

120 1404 169 1478 Β.
194 1406 340 1480 Fateor.

119 1519 167 1591 A.
194 1519 324 1615 Itaque
339 1521 476 1617 optime
490 1521 670 1596 definiunt
681 1523 747 1612 illi,
758 1524 821 1618 qui
833 1526 1109 1621 generationem

74 1632 123 1705 rei
138 1634 177 1706 in
194 1632 409 1708 definitione
426 1635 621 1731 explicant.

120 1744 169 1818 B.
193 1746 316 1819 Etiam
334 1746 406 1819 hoc
423 1746 610 1832 concedo;
638 1756 677 1821 et
700 1747 740 1820 in
756 1748 918 1822 Euclidis
941 1749 1106 1846 spbaerae,

77 1858 164 1948 coni,
182 1871 220 1933 et
242 1859 401 1956 cylindri
424 1860 710 1950 definitionibus,
739 1862 995 1957 generationes
1026 1863 1107 1937 illo-

76 1995 149 2044 rnm
165 1995 363 2069 corporum
378 1972 497 2065 rideo,
516 1998 724 2070 quanquam
743 1999 817 2048 non
835 1975 1001 2049 similiter
1018 1975 1107 2049 defi-

76 2084 185 2158 nierat
200 2085 393 2159 circulum.

118 2197 164 2271 Α.
191 2200 244 2272 At
259 2197 441 2272 circulum
457 2196 614 2271 describi
630 2222 748 2295 posse,
775 2200 838 2295 qui
861 2199 1019 2273 describi
1035 2202 1107 2275 nisi

76 2334 133 2407 per
158 2325 303 2386 motum
332 2336 409 2385 non
437 2322 572 2407 potest,
603 2311 700 2385 inter
733 2312 919 2408 postulatu
950 2327 994 2387 ut
1027 2338 1106 2389 rem

76 2437 190 2500 notam
206 2426 326 2522 gratis
343 2423 485 2498 sumsit.

113 2541 161 2614 Β.
189 2539 335 2614 Saltem
348 2537 469 2612 dicere
486 2537 613 2611 debuit
629 2539 811 2629 Euclides,
826 2541 1008 2636 sphaeram
1026 2564 1105 2615 esse

75 2652 220 2726 solidum
237 2650 348 2750 quale
361 2653 417 2741 fit,
433 2652 556 2748 potius
573 2675 681 2747 quam
700 2654 799 2750 quod
815 2655 871 2744 fit,
889 2678 935 2728 ex
951 2655 1105 2728 circum·

75 2764 237 2840 ductione
255 2764 488 2840 semicirculi.
530 2764 643 2838 Nulla
660 2766 758 2838 enim
776 2778 833 2839 est
850 2768 1004 2862 sphaera,
1023 2794 1105 2865 quae

72 2900 128 2974 per
142 2877 499 2955 circumductionem
516 2877 615 2951 facta
631 2891 688 2951 est
705 2902 729 2951 a
744 2891 889 2953 natura.

111 2991 156 3066 A.
183 2992 263 3067 Qui
289 2991 427 3087 figuras
455 2990 646 3080 definiunt,
672 2991 774 3065 ideas
804 3016 886 3087 qnae
914 2993 952 3065 in
982 2995 1105 3069 animo

71 3118 157 3198 sunt,
175 3130 256 3180 non
273 3107 355 3201 ipsa
376 3128 532 3201 corpora
558 3105 783 3201 respiciunt;
811 3117 849 3177 et
876 3129 921 3178 ex
951 3106 995 3178 iis
1022 3131 1104 3202 quae

68 3219 314 3318 imaginantur
323 3218 432 3312 fieri,
450 3217 638 3291 deducunt
655 3219 899 3314 proprietates
922 3217 1104 3293 factorum

67 3335 247 3425 similium,
278 3357 303 3406 a
331 3354 550 3428 quocunque
577 3341 616 3404 et
645 3331 977 3428 quomodocunque
1005 3332 1105 3406 faeta

65 3461 154 3525 snut.

107 3561 280 3635 Vidimus
319 3562 397 3655 jam
430 3556 610 3655 principia
643 3559 854 3654 geometriae
888 3558 1026 3633 traditu
1055 3560 1103 3633 ab

63 3674 235 3749 Euclide:
272 3698 430 3771 quorum
447 3673 569 3770 aliqua
587 3670 746 3767 quidem,
765 3674 829 3748 sed
846 3698 965 3770 pauca
981 3675 1103 3747 minus

62 3799 234 3863 accurata
257 3789 505 3873 mutavimus3
536 3790 678 3886 reliqua
699 3799 742 3861 ut
771 3788 1103 3885 irreprehensibilia

60 3903 194 3998 partim
211 3901 494 3999 praetcrim'mus,
510 3904 647 3998 partim
665 3902 972 3976 confirmavimus.

105 4014 156 4089 Β.
183 4016 430 4088 Revertamur
447 4038 534 4111 ergo
556 4015 602 4088 ad
619 4015 836 4102 Wallisium,
861 4026 899 4087 et
921 4014 1019 4087 unde
1046 4014 1102 4087 di-

58 4129 176 4227 gressi
193 4152 332 4217 sumus,
349 4151 481 4224 nempe
498 4128 546 4201 ad
563 4128 684 4224 Caput
697 4127 891 4201 decimum.
944 4128 1052 4212 Nam,
1071 4128 1102 4199 si

58 4243 151 4316 benc
167 4241 334 4331 memini,
352 4265 496 4315 eramus
512 4242 561 4315 ad
577 4241 883 4339 philologicorum
906 4254 944 4314 et
961 4240 1102 4335 Capitis

57 4356 147 4429 noni
163 4357 289 4444 finem,
309 4366 399 4428 tune
416 4379 500 4429 cum
518 4354 660 4451 digredi
678 4355 891 4450 incepimus

109 4467 153 4544 A.
181 4468 257 4544 Sed
274 4468 483 4542 differamus
501 4471 580 4543 haec
597 4470 636 4541 in
653 4468 830 4556 triduum,
845 4491 917 4564 quo
935 4478 1100 4560 tempore

56 4584 163 4658 lectis
180 4582 426 4659 arithmeticae
443 4584 521 4678 ejus
536 4607 618 4680 qnae
630 4594 785 4671 restant,
799 4605 843 4654 ea
859 4591 1003 4652 tantum
1018 4603 1100 4675 qnae
