2640 5092
267 663 848 718 unsnnunrrcmnonrnnnm.
1012 649 1081 716 221

36 827 136 902 basis
148 827 196 900 ab
206 827 344 917 basem,
358 829 414 921 (id
425 840 492 916 est,
505 829 676 903 diametri
692 831 790 904 basis
804 831 850 904 ad
862 829 1084 903 diametrum
1125 850 1261 892 nrauooo

36 941 138 1014 basis
156 940 376 1037 duplicata),
393 953 432 1015 et
455 942 661 1016 altitudinis
679 943 753 1018 DB
781 945 829 1018 ad
852 943 1084 1018 altitudinem
1126 934 1262 1038 „2¹-

36 1052 122 1128 DF.
176 1053 273 1127 Sunt
292 1066 416 1127 antem
444 1067 556 1129 rectae
581 1055 664 1144 DF,
696 1055 782 1143 DB,
815 1056 878 1129 Du
908 1057 1084 1130 continue

35 1167 334 1264 proportionales
346 1168 465 1264 (prop.
475 1170 525 1262 x).
560 1169 627 1242 Est
645 1169 757 1264 igitur
769 1170 865 1243 basis
882 1170 928 1243 ab
946 1170 1083 1258 basem,

36 1293 81 1354 ut
98 1278 171 1353 DF
190 1278 237 1353 ad
259 1279 334 1353 Du.
400 1280 644 1377 componitur
671 1305 759 1377 ergo
790 1282 885 1355 ratio
916 1281 1084 1379 cylindri,

36 1392 127 1468 facti
161 1419 185 1468 a
214 1394 456 1468 conversione
490 1395 591 1491 plani
608 1392 684 1470 DG
719 1396 818 1469 circa
851 1395 1086 1469 altitudinem

37 1507 229 1606 proprium
248 1505 333 1596 DB,
351 1507 400 1580 ad
424 1508 632 1605 cylindrum
649 1508 789 1582 factum
805 1534 829 1582 a
846 1509 1086 1583 conversione

36 1619 137 1695 circa
153 1619 388 1693 altitudinem
402 1622 590 1719 propriam
606 1620 690 1711 DF,
706 1646 751 1696 ex
777 1622 981 1696 rationibus
1006 1622 1086 1696 alti·

36 1733 178 1808 tudinis
196 1732 269 1806 DF
287 1734 335 1808 ad
353 1734 428 1823 Du,
447 1747 484 1808 et
507 1733 579 1807 DB
603 1734 773 1808 diametri
802 1736 897 1809 basis
923 1736 970 1809 ad
1002 1734 1085 1824 DF,

36 1845 107 1921 hoc
125 1859 196 1935 est,
226 1859 341 1921 rectae
360 1847 424 1920 Du
449 1847 497 1920 ad
523 1847 756 1921 altitudinem
784 1846 869 1921 1)ss.
922 1849 961 1922 Si
988 1873 1086 1922 com·

35 1973 226 2057 ponantur
242 1983 331 2057 crgo
349 1962 446 2035 ratio
466 1960 537 2035 BD
556 1961 603 2034 ad
622 1961 699 2049 Du,
720 1961 775 2052 (id
792 1976 859 2051 est,
878 1963 974 2035 ratio
988 1963 1086 2036 basis

35 2073 81 2146 ab
98 2073 260 2164 basem),
278 2086 317 2146 et
333 2074 428 2146 ratio
449 2072 521 2146 DB
539 2072 684 2162 adDF,
702 2074 741 2147 id
766 2087 834 2162 est,
853 2074 918 2147 Du
933 2075 981 2148 ad
1000 2074 1085 2165 DB,

34 2186 106 2261 erit
123 2185 221 2260 ratio
234 2186 391 2282 cylindri
407 2187 497 2260 facti
514 2211 537 2259 a
554 2188 795 2262 conversione
822 2188 987 2282 ejusdem
1007 2212 1086 2261 rec-

34 2300 183 2395 tauguli
200 2297 275 2375 DG
294 2300 393 2373 circa
411 2299 497 2390 DB,
511 2301 558 2374 ad
576 2301 783 2397 cylindrum
801 2302 939 2375 lactum
957 2325 979 2374 a
996 2326 1085 2374 con·

33 2414 207 2487 versione
225 2413 389 2509 ejusdem
408 2414 616 2510 rectanguli
641 2415 740 2487 circa
758 2412 841 2502 DF,
872 2414 911 2487 in
941 2415 1085 2488 ratione

33 2527 244 2624 composita
259 2551 306 2600 ex
322 2528 526 2601 rationibus
544 2526 616 2601 DF
630 2528 677 2601 ad
694 2527 769 2615 Du,
787 2540 826 2600 et
840 2526 905 2601 Du
922 2528 969 2602 ad
987 2525 1083 2610 DB;

34 2652 74 2712 et
89 2653 303 2737 propterea,
322 2641 509 2737 cylindrus
526 2640 573 2714 ad
598 2640 817 2736 cylindrum,
835 2654 873 2714 et
890 2641 1045 2738 proinde
1065 2654 1083 2733 ξ

35 2750 135 2825 illius
153 2752 203 2825 ad
221 2753 240 2832 l
259 2753 380 2848 hujus,
399 2765 456 2827 est
480 2766 521 2827 ut
550 2750 620 2826 DF
650 2753 698 2826 ad
727 2752 811 2826 DB.
864 2753 977 2828 Quod
1005 2765 1086 2826 erat

34 2863 379 2939 demonstrandum.
508 2903 512 2911 ·

84 2975 134 3051 B.
162 2977 202 3050 Si
220 2990 362 3052 certum
380 2988 478 3052 esset
502 2978 601 3075 quod
628 2979 784 3074 cylindri
810 2992 897 3052 sunt
922 2979 1019 3053 inter
1045 3002 1084 3051 se

34 3090 75 3164 in
92 3091 239 3165 ratione
256 3093 461 3189 composita
478 3117 524 3166 ex
547 3093 751 3165 rationibus
768 3093 864 3165 basis
883 3093 929 3165 ad
947 3094 1083 3180 basem,

34 3216 72 3278 et
99 3204 372 3279 altitudinis'ad
393 3205 638 3294 altitudinem,
663 3205 824 3279 dubitari
855 3229 931 3278 non
961 3221 1085 3301 posset

34 3315 83 3390 de
101 3318 343 3391 theorematis
370 3318 480 3414 hujus
498 3318 666 3391 veritate.
720 3319 794 3391 Sed
828 3318 892 3390 ubi
927 3330 984 3391 est
1013 3318 1085 3390 hoc

34 3428 356 3504 demonstratum?

85 3544 137 3617 A.
166 3542 445 3617 Demonstravit
473 3543 657 3628 Hobbius,
685 3543 778 3618 libro
808 3565 861 3616 nn
892 3564 1084 3617 coanoan

35 3657 135 3752 (cap.
166 3657 243 3745 xiii,
272 3669 343 3729 art.
380 3658 455 3747 tt).
508 3655 617 3731 Quod
649 3672 759 3753 caput
795 3657 871 3752 ipse
900 3656 1086 3729 Wallisius

34 3793 110 3843 non
129 3769 365 3865 improbavit,
384 3769 448 3841 sed
465 3768 552 3864 quia
569 3767 660 3841 nihil
683 3769 721 3841 in
748 3793 792 3841 eo
821 3770 957 3865 reperit
987 3770 1087 3866 quod

34 3883 158 3980 potuit
193 3882 336 3971 rodere,
366 3880 505 3954 Hobbii
533 3880 647 3976 ipsius
675 3905 754 3954 esse
782 3882 943 3977 negavit.
1000 3882 1086 3955 Non

34 3995 132 4093 quod
147 3995 310 4068 alienum
325 4018 453 4067 revera
470 4017 548 4066 esse
562 4008 724 4089 putaret,
739 3994 804 4067 sed
817 3995 904 4091 quia
917 3995 1086 4068 instituto

34 4110 112 4206 ejus
128 4107 282 4181 mentiri
300 4106 499 4203 expedivit.
550 4107 757 4180 Theorema
775 4107 846 4180 hoc
872 4132 946 4180 non
975 4107 1085 4180 modo

35 4221 72 4295 in
89 4220 364 4320 quantitatibus
381 4220 502 4308 factis,
524 4220 588 4293 sed
614 4221 726 4295 etiam
751 4220 788 4293 in
822 4221 923 4294 omni
949 4243 1085 4316 genere

35 4355 159 4409 rernm
184 4333 368 4407 factarum
394 4355 521 4406 verum
549 4346 617 4406 est.
670 4334 801 4429 Neque
832 4347 911 4406 arte
941 4332 1083 4428 logicae,

35 4447 260 4522 sedmtione
279 4459 424 4520 tantum
447 4446 607 4519 naturali
633 4469 726 4543 opus
744 4459 801 4519 est
824 4446 871 4518 ad
890 4446 1083 4518 veritatem

35 4560 114 4657 ejus
140 4558 430 4656 agnoscendam.
497 4558 595 4632 Satis
628 4559 726 4632 enim
755 4559 988 4633 manifestum
1016 4572 1083 4644 est,
