2618 5092
230 633 303 703 ³22
504 644 786 700 raonnnnara
804 641 998 698 rursrcn·

52 843 120 884 cnr.
135 844 180 887 ιιι.
229 816 330 891 Quid
347 815 446 889 enim
469 826 535 889 aut
556 814 755 904 attrahere,
781 822 849 888 aut
874 812 1068 911 impellere
1093 820 1252 887 suctum

41 914 185 1021 ᾗ
226 929 350 1024 potuit
363 927 411 1001 ad
427 929 550 1002 locum
567 928 671 1002 illum
687 926 787 1003 unde
802 934 989 1001 retractus
1006 934 1102 1017 erut,
1117 923 1252 1023 sioylin·

228 1041 316 1114 drus
331 1041 462 1115 fuisset
478 1039 643 1115 vacuus?
679 1039 779 1114 Num
794 1049 839 1114 ut
855 1038 951 1114 aeris
963 1038 1114 1136 pondus
1128 1036 1252 1135 aliquod

227 1154 266 1228 id
283 1155 427 1228 efficere
444 1155 619 1252 potuerit,
636 1153 771 1229 falsum
791 1176 871 1227 erse
887 1152 979 1227 satia
994 1175 1112 1251 supra
1126 1150 1252 1227 demon

226 1268 352 1356 stravi,
370 1268 417 1341 ab
435 1289 480 1341 eo
498 1267 597 1365 quod
614 1291 678 1342 aer
693 1268 734 1341 in
747 1290 833 1342 aere
847 1266 1038 1361 gravitate
1050 1288 1131 1341 non
1140 1276 1251 1364 potet

226 1380 337 1454 Nosti
354 1381 467 1453 etiam
484 1379 596 1476 quod,
613 1404 700 1455 cum
715 1402 738 1454 e
753 1379 957 1477 recipiente
981 1402 1111 1455 aerem
1129 1400 1252 1455 omnen

229 1494 288 1587 (ut
305 1492 366 1567 ille
383 1494 602 1591 loquuntur)
627 1493 836 1591 exugerint,
853 1504 1015 1591 possunt
1029 1504 1157 1568 tamen
1170 1504 1252 1568 nnn

226 1607 362 1680 vitrum
379 1607 419 1680 id
436 1607 536 1704 quod
557 1606 659 1681 intus
677 1608 722 1681 fit
742 1606 881 1696 videre,
905 1619 945 1681 et
972 1630 1109 1681 sonum
1136 1607 1167 1681 si
1189 1604 1252 1703 quis

225 1719 292 1792 fiat
309 1718 397 1793 inde
415 1719 555 1793 audire.
600 1718 645 1793 Id
662 1719 764 1817 quod
779 1719 910 1809 solnm,
927 1718 1000 1794 etsi
1015 1720 1160 1795 nullum
1173 1717 1253 1795 uliud

226 1845 486 1929 argumentum
503 1844 600 1907 esset
620 1834 724 1928 (sunt
740 1846 866 1908 autem
882 1833 1033 1930 multa),
1051 1833 1103 1908 ad
1118 1832 1253 1931 probau-

227 1943 316 2018 dum
346 1945 489 2021 nullum
515 1969 595 2021 esse
624 1947 665 2021 in
697 1947 901 2045 recipiente
934 1970 1099 2021 vacuum
1130 1943 1253 2021 abunde

226 2059 372 2133 sufficit.

277 2178 327 2251 A.
355 2176 415 2250 Ad
431 2176 522 2250 illud
543 2189 681 2265 autem,
709 2176 811 2274 quod
838 2177 869 2250 si
891 2176 1016 2250 vesica
1044 2176 1253 2273 aliquetenus

226 2289 355 2363 inflata
370 2290 409 2362 in
426 2290 628 2385 recipiente
644 2289 866 2378 includatur,
883 2288 996 2385 paulo
1021 2299 1110 2384 post
1130 2311 1194 2385 per
1206 2310 1253 2360 er-

226 2403 413 2475 uctionem
430 2402 525 2475 aeris
543 2402 694 2475 inflatur
710 2402 965 2475 vehementius
982 2412 1023 2475 et
1040 2400 1254 2498 dirumpitur,

227 2514 317 2609 quid
334 2513 559 2610 respondes?

276 2627 327 2700 A.
354 2627 482 2700 Motus
499 2628 659 2724 partium
677 2629 771 2701 aeris
788 2627 1036 2724 undequaque
1053 2649 1255 2702 concurren-

225 2739 319 2812 tium
332 2741 594 2830 velocissimus
613 2753 650 2814 et
668 2764 734 2837 per
751 2764 972 2814 concursum
992 2741 1032 2814 in
1049 2740 1178 2837 spatiis
1191 2741 1257 2812 bre·

225 2853 382 2925 vissimis
395 2877 621 2948 numeroque
640 2853 794 2927 infinitis
810 2853 1026 2950 gyratione}
1038 2854 1257 2928 velocissime

227 2966 386 3040 vesicam
404 2968 443 3039 in
460 2967 549 3040 locis
566 2968 892 3040 innumerabilibus
906 2968 1017 3040 simul
1033 2979 1073 3042 et
1090 2970 1128 3042 vi
1143 2987 1258 3063 magna

226 3079 344 3152 instar
366 3079 521 3153 totidem
539 3081 769 3153 terebrarum
791 3080 1001 3177 penetrat*,
1020 3077 1260 3177 praesertimsi

225 3194 349 3268 vesica
366 3206 565 3290 antequam
577 3193 810 3283 immittatur,
822 3218 895 3290 quo
908 3194 1027 3290 magis
1038 3197 1199 3285 resistat,
1207 3193 1261 3268 ali·

226 3320 408 3402 quatenus
420 3307 548 3380 inflata
558 3307 618 3379 sit.
653 3307 851 3402 Postquam
867 3318 1261 3406 autemaerpenetraus

227 3420 339 3492 semel
356 3421 541 3515 ingressus
559 3432 627 3506 est,
644 3419 751 3493 facile
768 3420 934 3515 cogitare
948 3433 1056 3517 potes
1076 3447 1152 3518 quo
1167 3434 1262 3520 pactu

227 3532 400 3629 deinceps
412 3534 572 3606 vesicam
583 3534 712 3606 tendet
725 3544 765 3606 et
782 3533 933 3606 tandem
947 3548 1109 3630 rumpet.
1140 3537 1264 3610 Verum

227 3646 258 3719 si
275 3657 473 3741 antequam
486 3658 690 3741 rumpatur,
702 3670 810 3718 versa
822 3646 1013 3737 clavicula,
1024 3671 1092 3722 aer
1104 3662 1264 3723 externus

227 3757 458 3845 admittatur,
479 3758 620 3831 videbis
637 3759 808 3846 vesicam,
831 3771 983 3856 propter
1004 3762 1265 3836 vehementium

227 3882 351 3944 motus
367 3884 620 3967 temperatam,
639 3872 820 3945 diminuta
842 3873 1012 3947 tensione
1034 3877 1263 3973 rugosiorem.

229 3986 326 4058 Nam
346 3985 384 4057 id
398 4009 543 4081 quoque
562 3986 798 4058 observatum
814 3998 883 4059 est.
918 3987 1003 4059 lam
1021 3988 1053 4061 si
1071 3990 1154 4064 haec
1168 4011 1265 4086 quem

229 4099 306 4172 dixi
324 4122 446 4187 cause,
465 4099 586 4171 minus
603 4099 671 4171 tibi
690 4100 858 4173 videatur
874 4100 1108 4176 verisimilis:
1129 4103 1211 4177 vide
1224 4124 1265 4174 an

228 4224 282 4302 tu,
302 4223 366 4285 aut
383 4211 475 4285 alius
493 4213 700 4309 quicunque
718 4212 913 4308 imaginari
925 4224 1063 4309 potest,
1082 4241 1156 4312 quo
1167 4224 1265 4313 pacto

228 4327 351 4399 vesica
373 4324 533 4398 distendi
557 4336 594 4397 et
617 4327 738 4421 rumpi
760 4326 877 4422 possit
899 4327 1082 4403 aviribus
1103 4332 1218 4418 vacui,
1232 4326 1264 4399 id

229 4451 296 4528 est,
314 4439 433 4511 nihili.

316 4589 378 4596 ..—
388 4590 541 4597 —..-—.—

541 4653 558 4687 ⁴¹
575 4652 623 4711 Sic
637 4652 716 4710 Edit.
736 4655 811 4711 1662
825 4662 856 4713 et
873 4655 959 4713 1668.
