2618 5092
293 670 617 724 uuuflnmx‘rlcm
637 671 881 727 Romulum.
1043 666 1113 731 113

112 837 281 936 Exempli
298 862 438 913 causa:
465 839 512 912 sit
530 839 753 936 quadratum
771 849 831 930 36,
849 841 955 937 cujus
974 851 997 914 4
1013 843 1111 916 radi·
1148 874 1298 916 unrocus

72 973 121 1024 ces
131 949 349 1025 dividendae
363 959 558 1048 suntper2
574 951 717 1026 radices
734 953 904 1048 quadrati
913 957 1057 1029 numeri
1074 967 1110 1032 4.
1149 956 1292 1060 ,2¹2⁴

110 1062 245 1138 Dirido
264 1087 357 1160 ergo
372 1071 419 1137 36
432 1088 499 1160 per
515 1071 539 1136 9
554 1096 563 1150 ;
591 1065 760 1160 quotiens
778 1076 836 1139 est
852 1074 887 1139 4.

110 1175 247 1251 Divido
265 1178 359 1251 item
377 1186 399 1251 4
414 1200 481 1273 per
498 1184 520 1249 2
538 1207 548 1260 ;
574 1177 746 1272 quotiens
763 1188 819 1251 est
835 1187 872 1252 2.

109 1289 317 1386 Interpono
328 1290 426 1363 inter
439 1289 649 1385 quotientes
661 1301 789 1362 notam
803 1290 948 1364 radicis.
979 1291 1109 1389 Itaque

66 1402 232 1498 quotiens
250 1403 428 1499 quaesitus
446 1414 503 1475 est
520 1411 543 1475 2
559 1411 624 1475 dd.
680 1402 729 1476 Et
747 1414 767 1475 4
786 1414 815 1476 α
832 1412 892 1493 36,
910 1403 948 1476 id
974 1417 1030 1479 est
1046 1416 1108 1498 24,

65 1514 307 1591 tidividatur
331 1539 398 1613 per
415 1524 438 1589 2
454 1520 519 1605 d9,
546 1514 586 1588 id
603 1526 659 1589 est
676 1524 712 1605 6,
731 1516 803 1589 erit
819 1525 841 1590 2
858 1525 923 1608 dt,
948 1517 987 1590 id
1004 1529 1107 1593 este.

66 1625 301 1772 Namffssss

108 1797 159 1870 B.
188 1797 387 1871 Quomodo
420 1809 546 1871 autem
576 1798 680 1872 radix
716 1799 933 1896 quadratica
960 1805 1105 1876 numeri

63 1934 135 1983 non
147 1908 333 2007 quadrati,
345 1934 368 1983 a
380 1909 504 1983 radice
519 1910 735 2006 quadratica
747 1913 891 1987 numeri
906 1914 1017 1988 etiam
1029 1940 1104 1990 uon

63 2023 234 2120 quadrati
250 2022 506 2097 subtrahitur?

109 2135 159 2207 Α.
189 2134 230 2208 Si
240 2134 384 2209 radices
396 2135 466 2208 illae
480 2136 554 2209 sint
566 2137 995 2234 commensurabiles,per
1007 2138 1103 2213 hanc

61 2247 239 2345 regulam.
294 2247 492 2322 Dividatur
523 2263 680 2347 uterque
705 2274 879 2324 numerus
907 2276 975 2349 per
1003 2277 1105 2326 max·

61 2360 172 2434 imam
205 2362 400 2435 amborum
430 2385 639 2436 mensuram
671 2386 915 2437 communem.
984 2367 1105 2440 Radix

61 2488 185 2548 autem
202 2474 353 2571 majoris
370 2472 556 2547 dividatur
585 2477 624 2547 in
652 2476 835 2550 rationem
853 2477 987 2551 radicis
1014 2503 1105 2576 quo·

61 2587 186 2661 tientis
198 2586 247 2660 ad
266 2587 426 2661 radicem
444 2588 655 2683 quotientis
707 2588 875 2686 Exempli
897 2615 1030 2664 causa:
1057 2592 1106 2666 sit

61 2699 164 2774 radix
182 2699 399 2797 quadratica
415 2708 464 2774 20
478 2700 717 2774 subducenda
732 2724 778 2774 ex
795 2701 920 2776 radice
948 2704 1104 2800 quadra·

59 2813 133 2887 tica
151 2824 230 2897 453
257 2813 383 2887 divisis
407 2822 455 2887 45
477 2825 516 2886 et
546 2821 594 2887 20
620 2837 688 2909 per
715 2839 947 2889 communem
975 2841 1101 2891 eorum

60 2949 269 3001 mensuram
291 2927 488 3001 maximam
507 2935 542 3016 5,
561 2927 769 3022 quotientes
797 2940 883 3002 sunt
905 2937 929 3002 9
953 2942 991 3003 et
1011 2941 1045 3020 4,
1065 2945 1103 3005 et

60 3063 184 3114 eorum
201 3038 347 3114 radices
369 3049 449 3114 3et
469 3045 505 3112 2.
566 3039 698 3113 Divide
722 3063 811 3136 ergo
833 3027 996 3114 radicem
1014 3066 1103 3138 qua·

60 3152 238 3228 dreticam
249 3163 297 3228 45
310 3154 349 3227 in
363 3154 544 3227 rationem
555 3161 578 3226 3
589 3152 638 3225 ad
651 3161 696 3237 2;
715 3153 859 3248 eritque
870 3168 1102 3250 segmentum

60 3266 178 3341 minus
206 3266 333 3341 radice
357 3264 572 3363 quadratica
589 3272 662 3349 20;
689 3289 734 3338 ex
763 3288 837 3362 quo
866 3269 1101 3363 cognoscitur

59 3379 246 3454 residuum
259 3379 308 3452 ad
324 3378 488 3452 radicem
501 3377 754 3474 quadraticam
771 3388 832 3452 45.

104 3490 151 3566 Β.
181 3493 256 3568 Sed
268 3493 373 3567 radix
383 3491 657 3590 quadraticam
672 3515 757 3564 cum
767 3515 941 3566 numerus
951 3517 1026 3566 non
1038 3493 1099 3583 sit,

59 3605 171 3680 dividi
182 3607 224 3681 in
235 3606 417 3680 rationem
436 3615 459 3680 3
476 3604 525 3679 ad
542 3613 565 3678 2
583 3617 756 3678 accurate
768 3629 844 3678 non
862 3616 994 3702 potest.
1027 3608 1100 3680 Ve-

58 3715 118 3792 lim
130 3743 222 3817 ergo
235 3719 331 3792 scire
348 3719 452 3815 cujus
469 3717 613 3790 numeri
624 3715 731 3790 radix
743 3718 791 3790 sit
802 3717 894 3791 illud
900 3719 1099 3794 residuum.

102 3831 153 3906 Α.
180 3831 303 3905 Aliam
321 3831 435 3928 igitur
447 3830 662 3905 methodum
675 3829 818 3904 radices
830 3855 1101 3907 commensura·

58 3941 143 4019 biles
159 3956 243 4019 tum
260 3943 489 4018 subducendi
505 3956 586 4017 tum
598 3942 770 4032 addendi,
783 3967 853 4018 nec
866 3945 1099 4041 quadraticas

59 4057 164 4132 modo
180 4057 249 4132 sed
268 4058 380 4132 etiam
401 4057 560 4146 cubicas,
579 4056 730 4129 habebis
755 4081 800 4129 ex
821 4057 933 4133 Claoe
949 4058 1097 4131 Mathe-

59 4170 193 4245 matica
211 4170 445 4268 Oughtredi;
470 4170 669 4244 additionis
696 4169 846 4266 quidem
871 4171 979 4244 hanc.
1031 4170 1096 4243 Di-

59 4283 201 4358 ridatur
215 4295 370 4381 uterque
390 4306 565 4357 numerus
592 4306 658 4379 per
685 4283 882 4357 maximam
905 4284 1100 4357 amborum

60 4418 263 4473 mensuram
298 4420 555 4480 communem
597 4395 740 4470 radices
779 4397 969 4493 utriusque
1007 4419 1098 4492 quo-

61 4508 180 4585 tientio
223 4511 334 4585 simul
368 4497 578 4596 addantur3
621 4510 737 4585 totius
776 4509 997 4607 quadratum
1030 4532 1099 4604 per

153 4647 249 4702 von.
268 4647 326 4699 1v.
982 4644 997 4695 1
