2618 5092
69 862 136 903 ΟΑΡ.
151 863 172 904 1.

47 930 190 965 κ-ι-ν

47 993 71 1037 )ο
80 993 194 1051 muno.

234 655 307 722 312
509 666 790 724 rsosusrcars
808 666 1006 725 csssrcn.

234 858 325 931 opus
351 835 401 908 sit
424 835 548 932 capiat
573 836 680 911 acris.
731 836 776 911 Iu
803 860 917 911 causo
935 848 1064 913 cutem
1084 848 1153 929 est,
1172 837 1253 935 quod
1301 798 1303 827 ⁵

233 960 377 1022 tantum
404 947 458 1022 illi
476 949 573 1023 inest
595 950 702 1041 ceris,
718 960 763 1024 ut
783 960 906 1025 totum
934 950 1045 1025 simul
1066 974 1131 1025 vos
1151 961 1187 1025 et
1204 972 1254 1025 cer

232 1061 377 1135 facilius
394 1085 416 1134 a
433 1073 533 1135 terro
548 1062 653 1158 rejici
669 1063 800 1161 possit,
816 1086 928 1161 quom
943 1062 1061 1139 moles
1077 1086 1180 1161 uquoe
1192 1086 1254 1137 an·

231 1175 350 1248 bobus
367 1174 527 1270 aequalis.

284 1285 335 1359 A.
363 1285 472 1359 Unde
491 1286 535 1359 fit
560 1296 605 1359 ut
630 1286 765 1383 piscis:
790 1287 951 1363 maxime
975 1310 1067 1363 vero
1092 1288 1154 1386 qui
1168 1286 1255 1361 valde

232 1400 330 1473 latus
348 1401 541 1497 tenuisque
557 1398 619 1489 sit,
632 1411 677 1475 ut
692 1424 819 1499 passer
835 1412 875 1475 et
889 1402 1088 1477 rhombus:
1106 1401 1147 1475 in
1159 1398 1256 1475 fundo

234 1513 345 1586 maris
362 1524 467 1587 tanto
485 1537 590 1610 aqnae
606 1513 770 1611 pondere
794 1514 1044 1589 incumbentis
1069 1536 1255 1612 oppressus,

232 1650 308 1700 uon
325 1626 478 1724 pereat?

283 1741 332 1814 B.
360 1740 459 1814 Quia
474 1739 604 1836 gravia
621 1739 746 1814 omnia
761 1739 921 1814 tendunt
937 1739 985 1814 od
1013 1739 1117 1837 globi
1142 1749 1257 1814 terres·

232 1853 300 1927 tris
331 1864 510 1927 centrum.
578 1852 677 1926 Num
703 1877 727 1925 a
756 1851 935 1927 descensu
963 1853 1127 1949 portium
1153 1851 1257 1951 puris

232 1966 337 2039 fluidi
354 1966 484 2039 eodem
501 1978 668 2063 tempore
685 1966 848 2039 omnium
866 1988 994 2039 versus
1018 1990 1136 2039 unum
1160 1988 1258 2063 punc

233 2092 325 2170 tum,
343 2079 550 2154 necessario
565 2079 684 2153 oritur
695 2078 830 2176 ubique
846 2078 1122 2154 connumeratio
1133 2078 1213 2153 tulis
1225 2088 1259 2151 ut

232 2217 317 2289 pars
334 2194 501 2289 superior
516 2192 727 2267 inferiorem
740 2214 907 2288 premere
924 2214 999 2265 nou
1018 2191 1149 2288 possit.

282 2304 327 2377 A.
356 2305 636 2380 concameratio
651 2305 780 2379 similis
798 2330 864 2381 cnr
879 2328 955 2379 non
972 2305 1012 2378 in
1029 2329 1116 2380 aere
1133 2326 1259 2403 quoque

233 2417 318 2490 est?

284 2531 333 2604 B.
362 2531 440 2604 Est.

283 2644 332 2718 A.
359 2644 556 2719 Quomodo
581 2669 669 2741 ergo
691 2645 745 2736 (id
769 2645 868 2741 quod
896 2669 920 2718 a
941 2643 1170 2742 philosophis
1195 2642 1260 2741 qui·

232 2757 386 2830 busdam
421 2781 442 2830 e
472 2758 660 2831 Societate
698 2758 953 2831 Greshamcusi
995 2759 1184 2844 scribitur)
1212 2776 1261 2828 aer

232 2870 384 2943 inferior
400 2895 423 2943 a
440 2871 627 2967 superiore
652 2871 862 2967 gravitante
891 2871 1161 2967 comprimitur,
1179 2866 1261 2943 unde

231 2985 318 3056 oriri
338 2984 466 3057 scribit
483 2985 577 3056 aeris
596 2984 781 3080 quandam
798 2984 873 3056 vim
889 2984 1106 3058 elasticam?
1145 2986 1201 3057 Au
1212 3004 1262 3055 aer

230 3119 345 3192 prope
358 3110 507 3184 terram,
527 3095 691 3192 impurus
701 3120 767 3192 per
779 3096 990 3169 commistos
1001 3095 1055 3169 illi
1065 3096 1262 3193 particulos,

231 3210 377 3284 dicetur
393 3209 601 3306 gravitare?

282 3324 331 3398 B.
359 3324 460 3399 Quid
478 3324 509 3395 si
526 3347 631 3419 aquae
650 3323 777 3395 oceani
795 3322 961 3418 permisti
988 3337 1115 3398 esseut
1142 3323 1264 3421 pulvis·

231 3436 304 3509 culi
338 3449 466 3511 terrae:
493 3462 541 3510 an
571 3436 655 3509 ideo
683 3436 800 3532 pisces
831 3437 868 3508 in
898 3460 942 3509 ea
969 3461 1066 3532 aqua
1096 3439 1264 3535 opprime

231 3548 384 3623 rentur?

280 3661 325 3735 A.
354 3663 507 3735 Minime
525 3662 685 3759 quidem,
704 3661 790 3733 dum
817 3660 938 3757 pulvis
965 3661 1040 3751 ille,
1059 3665 1132 3738 etsi
1160 3665 1266 3761 plum·

230 3776 333 3863 beus,
352 3775 398 3847 ob
416 3800 511 3871 aqua
529 3787 754 3850 sustentatus
772 3774 907 3846 fluitat.

282 3889 332 3961 B.
360 3888 433 3961 Sed
462 3890 609 3962 fluitant
643 3913 725 3984 quae
753 3887 901 3960 suntin
932 3911 1017 3960 acre
1042 3889 1121 3962 sive
1145 3903 1267 3964 utmcs

230 4002 356 4098 phaera
383 4003 497 4075 atomi
525 4015 644 4076 terrae.
706 4003 836 4097 ltaque
866 4001 929 4098 qui
954 4001 1007 4074 sic
1037 4003 1267 4100 scripserunt,

230 4139 303 4189 uon
323 4116 410 4188 sutis
428 4117 479 4188 rei
495 4129 666 4188 naturam
684 4115 924 4212 contemplati
942 4128 1043 4189 sunt.

281 4231 329 4302 A.
356 4230 436 4302 Tua
450 4228 542 4317 haec,
561 4230 636 4301 sive
663 4252 749 4301 vera
766 4228 841 4301 sive
865 4228 971 4315 falsu,
989 4228 1179 4325 specimen
1201 4226 1268 4302 veri

229 4355 329 4415 certe
342 4342 492 4415 habent.
544 4344 592 4414 Et
610 4343 782 4437 quoniam
801 4366 909 4414 nemo
923 4366 1075 4416 causam
1086 4343 1268 4440 gravitatis

228 4456 340 4527 ullum
359 4456 537 4529 hactenus
555 4456 755 4552 assignavit
766 4467 901 4552 praeter
912 4455 1030 4553 ipsam
1043 4459 1267 4555 gravitatem,

229 4568 301 4640 tuis
320 4570 356 4640 in
372 4570 567 4665 praeseutiu
583 4568 826 4665 acquiescam.
