2618 5092
213 628 288 696 464
359 640 414 693 na
433 636 669 692 rnrucrnus
688 638 741 691 nr
759 636 1140 693 narrocrusrtortn

17 840 83 885 ear.
96 838 187 882 xxm.
214 810 321 897 tium,
335 819 373 882 et
386 806 592 881 secantium
604 804 796 881 calamitas
807 806 1029 903 geometria
1042 828 1189 905 nupera
1202 818 1264 881 eat.

17 908 171 1027 ὦ
216 923 292 999 uui
305 922 499 996 subtensas
513 918 862 1007 etscmisubtensas,
876 942 963 1017 quae
976 932 1267 995 nuncvooantur

17 1030 202 1143 f'fflffi
215 1034 493 1109 dimidiaturum
505 1056 658 1107 arcurun
671 1030 935 1123 sinua‚calcolo
947 1032 1097 1131 primns
1105 1034 1263 1133 subjecit,

17 1168 43 1207 a
198 1128 286 1223 ’fuit
302 1147 537 1222 Ptolomaeus.
573 1146 705 1219 Sinum
720 1168 905 1241 nusquam
920 1146 1110 1243 scriptum
1125 1146 1263 1223 invenio

215 1260 667 1357 anteRegiomontauum:
680 1256 842 1356 quivero
854 1258 1263 1357 tabulnssinnumssnn-

213 1374 395 1471 gentimm
413 1384 452 1447 et
469 1373 677 1447 secantium
692 1372 828 1470 quibua
851 1372 1008 1466 utimur,
1024 1374 1172 1471 primns
1185 1398 1262 1449 oon·

215 1486 322 1576 didit,
339 1485 413 1560 fuit
430 1486 592 1561 Obvius

266 1598 449 1689 Secundo,
474 1610 608 1673 notatu
632 1598 787 1696 dignum
803 1610 874 1687 est,
891 1622 1047 1675 cansam
1063 1600 1165 1699 qaod
1181 1624 1261 1699 qna-

214 1710 996 1809 draturacirculi,divisiorationis,aliaque
1009 1714 1260 1811 pulcherrima,

214 1825 283 1901 sed
296 1823 512 1898 difficillima
522 1824 738 1921 geometriae
754 1824 988 1922 problemata
1000 1837 1083 1901 tam
1095 1827 1161 1903 diu
1175 1828 1262 1903 lato-

215 1950 337 2027 erunt,
367 1938 406 2010 in
441 1936 513 2011 illis
539 1937 630 2034 ipsis
660 1962 741 2012 csse
770 1937 1152 2015 demonstrationibus
1179 1966 1260 2039 quas

215 2064 392 2149 cogentes
417 2074 498 2125 esse
521 2051 741 2148 praedicant.
793 2052 908 2129 Primi
933 2052 1106 2128 omnium
1130 2056 1260 2130 Arabes

216 2167 438 2240 invenerunt
455 2164 679 2261 quadratum
699 2163 916 2261 quadrantis
942 2166 1139 2263 perimetri
1159 2168 1260 2243 decu·

215 2279 319 2376 plum
341 2302 422 2353 esse
440 2278 613 2374 quadrati
630 2302 654 2353 a
670 2276 887 2351 semiradio:
913 2279 1019 2377 quod
1038 2280 1110 2355 etsi
1126 2281 1258 2356 verissi-

217 2415 318 2464 mnm
353 2391 414 2479 sit,
450 2390 657 2463 confutavit
690 2413 758 2486 per
796 2391 1069 2466 extructionem
1104 2394 1258 2469 radicum

215 2505 404 2578 lohannes
435 2504 765 2600 Regiomontanus,
795 2504 858 2599 qui
888 2504 990 2578 idem
1021 2530 1103 2581 esse
1128 2509 1258 2604 putavit

217 2619 388 2715 quadrati
404 2618 501 2691 latus
527 2629 566 2692 et
589 2617 734 2691 numeri
752 2617 922 2715 quadrati
941 2619 1120 2695 radicem.
1172 2620 1258 2695 Audi

217 2732 338 2827 ipsum
364 2730 795 2826 Regiomontanumz-“
806 2731 949 2806 Arabes
976 2733 1065 2807 olim
1092 2734 1258 2808 circulum

218 2844 399 2941 quadrare
413 2843 581 2940 polliciti,
595 2844 659 2916 ubi
678 2842 987 2919 circumferentiae
1001 2870 1079 2921 suae
1093 2848 1259 2944 aequalenr

216 2969 357 3030 rectam
375 2955 665 3051 descripsissent,
683 2954 778 3027 hanc
803 2959 1097 3051 pronuntiavere
1122 2971 1257 3034 senten·

214 3071 327 3145 tiam:
356 3069 401 3143 Si
419 3067 553 3141 circuli
571 3068 755 3140 cliurueter
765 3068 896 3164 fuerit
917 3080 959 3143 ut
976 3097 1097 3164 unum,
1116 3073 1257 3146 circum-

200 3183 383 3280 ferentia
393 3183 474 3277 ejus
487 3180 564 3254 erit
574 3190 615 3253 ut
624 3180 942 3255 radicdedecem.
977 3187 1075 3260 Quae
1086 3185 1257 3260 sententia

216 3320 300 3369 cum
314 3297 362 3369 sit
373 3319 540 3383 erronea,
553 3295 863 3391 quemadmodum
876 3296 967 3371 alibi
979 3299 1256 3395 explanavimus,

214 3433 373 3506 cumque
387 3433 562 3482 numeros
580 3407 795 3482 introducat
808 3410 1144 3487 rectilineationem
1160 3415 1256 3486 effec-

214 3534 330 3611 turos,
348 3523 492 3596 numeri
519 3523 589 3618 ipsi
615 3523 654 3595 in
680 3522 751 3596 hoc
775 3525 925 3620 negotio
954 3537 1044 3599 sunt
1070 3525 1255 3623 suspecti.''

215 3635 314 3708 Olim
349 3659 450 3731 erg0,
482 3648 524 3709 ut
558 3636 675 3725 videS,
706 3637 924 3734 magnitudo
955 3639 1088 3713 circuli
1118 3640 1258 3736 cognita

213 3748 355 3833 fuisset,
390 3748 461 3820 nisi
496 3749 725 3823 obstitissent
758 3774 842 3846 quae
875 3775 899 3822 a
932 3753 1135 3848 geometris
1169 3776 1257 3826 nnnc

214 3861 386 3960 cogentia
409 3861 654 3958 appellantur.
708 3863 847 3937 lterum
875 3864 1051 3939 doctrina
1076 3867 1157 3941 haec
1174 3870 1258 3940 Arn-

214 3976 303 4049 bum
328 3974 499 4071 apparuit
519 3999 542 4047 a
559 3976 762 4072 Scaligero,
789 3987 902 4073 atque
926 3978 1065 4051 iterum
1087 3979 1257 4077 disparuit

214 4088 367 4186 expulsa
383 4086 588 4161 exorcismo
605 4089 851 4163 convitiorum
868 4114 892 4163 a
910 4090 1056 4165 Clavi0.
1101 4094 1175 4167 Sed
1192 4110 1259 4167 ter-

213 4205 307 4278 tium
324 4226 424 4276 nunc
441 4225 634 4298 apparens,
653 4202 765 4277 docta
784 4205 862 4300 jam
878 4206 1106 4281 exorcismos
1124 4220 1162 4283 et
1178 4231 1258 4280 con-

213 4315 304 4388 vitia
320 4325 569 4403 contemnere,
588 4339 777 4412 nunquam
795 4328 886 4412 puto
904 4318 1090 4412 abigatur.

264 4428 421 4502 Notabis
453 4440 635 4525 praeterea
669 4430 918 4504 convitiorum
953 4456 1097 4507 causas.
1155 4433 1259 4510 Quod

214 4541 441 4637 Scaligerum
461 4543 622 4632 Clavius,
641 4543 839 4619 Orontium
858 4558 897 4619 ct
914 4546 1257 4645 Longomontanum
