2618 5092
394 630 647 687 nnumcurto
668 631 780 686 cunr.
1040 615 1111 681 505

67 792 103 866 in
129 817 166 891 q,
186 793 257 868 erit
289 793 345 892 Bq
372 795 524 891 aequaiis
545 795 626 879 Ae;
652 806 691 867 et
715 792 775 892 qu,
792 793 852 891 qG
874 792 1052 890 equales:
1077 803 1115 864 et
1153 823 1267 863 raom

67 930 149 979 cum
163 907 335 997 BG÷Gc‚
357 908 422 983 BG
439 908 516 982 sive
534 907 689 1007 Bq÷qu,
707 908 841 1003 etipsa
859 905 916 1003 Bq
934 906 1009 979 sint
1026 928 1115 977 con·
1153 893 1267 926 ’Ψ

65 1019 168 1092 tinne
196 1022 503 1117 proportionales,
527 1022 598 1094 erit
623 1031 664 1093 ut
689 1021 745 1118 Bq
762 1019 808 1092 ad
828 1018 875 1116 qb
897 1020 952 1092 ite
976 1019 1041 1093 CG
1067 1017 1116 1091 ad

65 1131 133 1208 Ga.
186 1132 312 1207 Ducta
328 1157 418 1230 ergo
436 1133 491 1208 Bb
508 1133 648 1207 incidet
664 1133 703 1206 in
720 1147 901 1230 punctum
918 1156 956 1207 c.

360 1622 662 1698 DUPLICATIO
681 1623 812 1698 CUBI.

392 1946 644 1999 PROPOSITIO
662 1946 737 1999 XII.

58 2100 63 2107 ’
113 2075 237 2149 Lotus
250 2073 334 2148 cubi
348 2075 507 2174 cphoercu
519 2075 805 2174 circumscripti,
819 2074 984 2150 udrlitum
999 2075 1116 2151 lateri

57 2188 148 2263 'cubi
162 2188 343 2263 incudem
360 2189 513 2287 epicuru
531 2187 715 2286 inscripti,
729 2199 870 2263 rectum
886 2193 1113 2264 constituunt

58 2296 247 2400 ecqualem
259 2303 554 2400 cemipcrimctro
572 2303 724 2376 maximi
740 2303 778 2376 in
796 2303 950 2402 cphcero
966 2304 1112 2377 circuli.

58 2409 64 2427 '
115 2416 240 2489 Cubus
269 2416 367 2488 enim
397 2417 551 2512 sphaerae
582 2416 881 2514 circumscriptus
901 2419 1019 2502 habet
1045 2441 1115 2514 pro

58 2521 180 2602 ‘latere
221 2526 297 2604 BG.
335 2522 351 2615 'y
376 2529 442 2602 Est
482 2541 604 2602 autem
645 2526 712 2605 BG
745 2530 897 2626 aequalis
931 2531 1113 2605 diametro

59 2642 223 2740 'sphaerae
240 2642 335 2715 cubo
352 2642 551 2738 inscriptae,
566 2642 671 2737 cujus
688 2643 785 2730 latus
802 2656 857 2716 est
873 2640 1049 2739 ipsu·BG.

57 2736 65 2783 '⁴
115 2751 348 2847 Quadratum
372 2770 496 2843 autem
514 2779 536 2828 a
554 2753 620 2843 BG
644 2755 796 2851 triplum
820 2768 877 2829 est
895 2757 1065 2852 quadrati
1091 2776 1116 2830 c

62 2864 134 2942 Ga.
188 2867 301 2941 Latus
319 2893 407 2964 ergo
425 2869 509 2941 cubi
523 2865 677 2964 sphaerae
691 2868 859 2964 inscripti
875 2858 932 2941 'est
946 2870 1025 2964 ipsa
1043 2871 1113 2942 Gc.

58 2975 65 2989 ⁴
116 2980 191 3070 Sed
213 2996 412 3079 utrumque
435 2982 555 3072 simul,
574 2982 670 3055 latus
687 2983 773 3055 cubi
791 2983 1057 3079 circumscripti
1075 2995 1115 3055 et

58 3092 245 3190 inscripti,
268 3120 399 3191 nempe
423 3093 490 3171 BG
514 3107 551 3168 et
579 3096 649 3184 Gc,
668 3109 817 3169 ostensa
844 3107 930 3168 sunt
957 3097 1114 3191 aequalie

58 3202 177 3299 'rectae
195 3208 253 3297 Gi,
272 3232 354 3305 quae
372 3222 475 3281 recta
492 3220 641 3295 ostensa
658 3222 715 3280 est
732 3208 884 3304 aequalis
909 3210 1011 3295 arcui
1036 3207 1112 3282 BC.

63 3325 186 3411 Arcus
205 3337 330 3395 autem
345 3322 408 3394 BC
421 3322 571 3418 aequalis
588 3332 645 3393 est
658 3321 948 3417 semiperimetro
960 3322 1112 3394 maximi

63 3435 194 3509 circuli
208 3436 377 3531 inscripti
395 3437 489 3508 cubo
508 3436 612 3530 cujus
631 3435 727 3508 latus
745 3447 800 3508 est
820 3434 895 3520 BG,

114 3550 232 3622 Recta
250 3551 314 3636 Au,
333 3572 415 3645 quae
433 3541 567 3622 transit
589 3573 656 3645 per
680 3549 979 3623 intersectionem
1003 3574 1111 3624 arcus

56 3653 126 3751 'CL
146 3677 185 3734 et
208 3677 318 3735 rectae
336 3663 397 3749 Ze,
418 3661 550 3735 transit
577 3685 642 3756 per
667 3675 821 3735 caeteras
846 3687 974 3736 omnes
999 3665 1112 3736 inter·

57 3776 245 3849 *sectiones
263 3799 414 3848 arcuum
434 3786 472 3848 et
496 3788 680 3848 rectarum
706 3775 867 3849 similes*
892 3789 931 3850 et
958 3778 1055 3850 inter
1072 3802 1111 3849 se

62 3889 272 3985 aequalium.
327 3888 528 3960 Ostensum
545 3888 643 3961 enim
661 3902 727 3980 est,
743 3890 900 3986 aequales
918 3915 997 3963 esse
1015 3891 1113 3962 inter

58 4025 101 4076 se
118 4025 247 4074 arcum
262 4001 323 4074 CL
340 4014 378 4073 et
396 4014 537 4073 rectum
556 4003 618 4075 Zc.

58 4136 64 4148 ·
112 4114 354 4189 Manifestum
379 4115 470 4187 item·
492 4127 549 4186 est
572 4116 707 4187 cubum
725 4140 748 4188 a
767 4115 832 4189 CG
850 4114 1002 4208 duplum
1030 4141 1110 4189 esse

63 4229 151 4312 cubi,
166 4229 276 4311 aZc3
295 4241 333 4300 et
351 4228 487 4300 cubum
505 4252 527 4299 a
544 4228 595 4300 Zc
613 4228 765 4324 duplum
783 4252 862 4300 esse
881 4230 965 4301 cubi
983 4231 1028 4302 ab
1047 4230 1110 4316 cb;

57 4345 100 4415 'et
114 4343 250 4415 cubum
268 4343 314 4414 ab
332 4339 376 4413 eb
394 4340 546 4437 duplum
565 4365 644 4413 esse
659 4342 743 4414 cubi
761 4367 783 4414 u
801 4340 850 4431 kt,
866 4342 941 4414 sive
960 4344 1012 4414 ΑΙ
1022 4399 1029 4413 .

318 4618 323 4626 ,
456 4556 472 4594 *
490 4554 623 4614 sinetis.
642 4556 728 4613 1669.
