2640 5092
383 652 437 704 ne
456 653 626 708 Narona
646 653 783 707 nanis.
1030 638 1101 704 245

59 838 146 889 nem
176 839 251 889 non
282 816 387 912 capio
411 819 508 891 inter
534 818 647 891 fluida
673 829 711 891 et
738 842 813 891 nou
838 818 962 908 fluida,
992 842 1102 916 quam

58 929 205 1003 sumitis
223 953 245 1001 a
262 931 515 1027 magnitudine
537 931 719 1027 partium
748 954 833 1003 nam
860 930 891 1005 si
920 954 1102 1027 caperem,

60 1042 170 1114 ruina
187 1042 260 1129 illa,
278 1044 353 1117 sive
370 1044 504 1118 rudera
524 1044 598 1133 illa,
622 1067 706 1138 quae
727 1044 852 1138 jacent
880 1044 918 1116 in
948 1045 1103 1118 eeclesia

61 1154 226 1244 Paulina,
244 1157 333 1229 mihi
352 1157 508 1231 dicenda
531 1169 653 1231 essent
669 1157 792 1230 fluida.
855 1158 919 1230 Sin
949 1170 1102 1254 propter

60 1267 213 1341 nimiam
246 1269 409 1366 lapidum
446 1269 738 1366 magnitudinem
774 1269 888 1343 fluida
919 1269 982 1342 illa
1023 1293 1102 1343 esse

61 1381 297 1475 negaveritiu
315 1382 426 1456 defini
449 1384 538 1456 mihi
556 1381 846 1479 magnitudinem
863 1381 975 1471 illam,
991 1404 1101 1478 quam

60 1491 201 1567 habens
217 1517 303 1590 pars
321 1496 461 1569 ruentis
478 1497 584 1585 muri,
602 1507 753 1592 propter
770 1519 851 1569 eam
874 1497 922 1569 sit
945 1494 1102 1569 dicenda

59 1604 186 1680 fluida.
236 1607 292 1680 Tu
310 1632 408 1698 vero,
427 1609 490 1705 qui
513 1608 798 1682 divisibilitatem
818 1609 999 1682 infinitam
1025 1632 1100 1682 non

60 1720 174 1815 capis,
192 1719 252 1793 die
269 1721 359 1794 mihi
376 1746 457 1818 quae
475 1723 543 1796 tibi
559 1732 712 1818 apparet
734 1745 854 1808 causa,
881 1745 994 1819 quare
1019 1722 1099 1795 Deo

60 1833 305 1929 omnipotenti
335 1835 516 1909 difficilius
546 1859 623 1908 esse
654 1847 779 1931 putem
813 1859 937 1909 creare
967 1859 1100 1932 eorpus

60 1944 228 2034 fluidum,
259 1958 298 2020 et
322 1950 426 2043 cnjus
443 1960 565 2045 partes
589 1959 675 2021 actu
697 1948 875 2038 diffluant,
895 1949 996 2022 omni
1013 1948 1101 2022 data

60 2070 186 2131 etomo
212 2060 346 2148 minus,
363 2084 473 2156 quam
498 2084 624 2134 creare
641 2085 829 2135 oceanum.
881 2062 1010 2157 ltaque
1036 2061 1099 2134 de-

60 2195 209 2268 sperare
226 2195 285 2245 me
301 2172 393 2246 facis
410 2198 557 2247 omnem
574 2186 777 2248 conventus
796 2174 906 2248 vestri
923 2175 1097 2263 fructum,

60 2283 219 2358 dicendo
252 2286 351 2381 qnod
383 2300 516 2383 putant
545 2311 679 2377 aerem,
719 2312 862 2384 aquam,
892 2299 929 2361 et
962 2301 1098 2361 caetera

59 2397 174 2471 fluida
191 2412 360 2473 constare
376 2424 421 2474 ex
438 2425 512 2473 non
530 2401 673 2474 fluidis:
700 2413 874 2498 tanquam
892 2401 1098 2487 simmam,

60 2512 165 2607 cujus
184 2524 331 2585 ruentes
348 2512 487 2610 lapides
504 2513 742 2610 aliquousque
762 2513 981 2600 discurrent,
999 2513 1098 2586 dice-

60 2634 145 2696 rent
162 2647 241 2697 esse
257 2624 422 2698 fluidum.
465 2626 504 2699 Si
522 2627 574 2699 sic
592 2626 815 2722 loquendum
832 2637 898 2713 est,
915 2626 1006 2699 nihii
1023 2649 1098 2699 non

59 2749 116 2810 est
133 2736 299 2811 fluidum.
343 2739 437 2812 Nam
455 2740 567 2812 etiam
585 2764 745 2813 marmor
761 2741 959 2813 comminui
976 2750 1099 2837 potest

59 2850 96 2922 in
114 2863 240 2946 partes
258 2850 356 2924 omni
375 2865 498 2926 atomo
516 2852 744 2948 Epicureana
761 2853 931 2925 minores.

107 2961 156 3036 B.
185 2964 224 3036 Si
248 2963 314 3036 tibi
338 2965 377 3036 id
393 2988 622 3054 concessero,
641 2966 730 3061 quid
747 2964 937 3061 sequitur?

109 3075 159 3148 A.
187 3076 360 3173 Sequitur
377 3078 459 3168 hoc,
484 3091 617 3151 utnon
641 3103 790 3152 necesse
808 3080 855 3152 sit
881 3078 1014 3165 locum,
1033 3079 1096 3174 qui

57 3200 245 3262 asnetore
262 3191 405 3264 revulso
426 3192 574 3264 relictus
598 3204 665 3279 est,
683 3216 762 3265 esse
780 3216 947 3265 vacuum.
998 3192 1095 3264 Nam

56 3300 145 3374 dum
163 3315 288 3376 suntor
305 3305 516 3390 retrahitur,
535 3317 672 3402 quanto
697 3307 844 3379 relictus
860 3305 962 3377 locus
979 3306 1097 3400 major

54 3415 111 3501 fit,
129 3427 237 3488 tanto
263 3417 382 3490 minus
405 3417 477 3490 loci
500 3418 718 3513 relinquitur
741 3419 817 3492 aeri
840 3430 1005 3502 externo,
1031 3419 1094 3514 qui

53 3540 222 3601 retrusus
235 3553 259 3601 a
275 3541 422 3602 suctore
439 3542 541 3602 moto
557 3554 684 3603 versus
708 3543 870 3616 externa,
887 3531 1094 3627 proximum

52 3642 123 3715 sibi
141 3664 264 3714 aerem
278 3641 447 3715 similiter
463 3654 596 3732 movet,
610 3655 647 3715 et
664 3644 724 3716 hic
742 3643 866 3731 alium,
880 3656 918 3716 et
936 3643 988 3715 sie
1005 3666 1094 3716 con-

51 3755 179 3827 tinue:
206 3754 318 3826 itaut
335 3776 483 3827 necesse
500 3756 547 3828 sit
564 3779 685 3829 aerem
703 3755 852 3829 tandem
869 3755 1037 3853 compelli
1056 3756 1093 3827 in

51 3865 177 3940 locum
191 3865 377 3940 desertum
395 3892 417 3940 a
435 3882 593 3958 suctore,
612 3881 650 3942 et
672 3870 809 3943 intrare
827 3871 924 3943 inter
940 3870 1091 3965 superfi-

53 3981 150 4053 ciem
193 3980 350 4054 auctoris
392 4005 592 4055 convexam
625 3995 663 4056 et
694 3981 851 4080 cylindri
880 4005 1089 4056 concavam.

53 4093 255 4191 supposito
271 4094 369 4167 enim
395 4096 489 4167 aeris
508 4109 632 4191 partes
653 4120 733 4169 esse
756 4095 898 4169 infinite
928 4094 1091 4181 subtileS,

51 4205 277 4303 impossibile
302 4217 359 4280 est
381 4219 424 4280 ut
446 4208 505 4280 via
531 4208 604 4297 illa,
632 4233 704 4305 qua
731 4210 930 4282 retrahitur
955 4216 1092 4294 suntor,

51 4319 126 4394 iltae
159 4343 234 4393 non
262 4342 301 4394 se
334 4321 532 4394 insinuent.
594 4321 715 4394 Primo
749 4323 858 4411 enim,
898 4330 1090 4393 contactus

50 4433 328 4532 superficierum
344 4434 497 4507 istarum
513 4457 579 4530 per
597 4435 721 4507 omnia
745 4446 883 4530 puncta
905 4431 1090 4529 perfectus

51 4570 132 4625 enee
147 4570 223 4622 nou
238 4557 374 4643 potest,
392 4546 477 4643 quia
493 4547 582 4644 ipsae
608 4546 818 4643 superficies
842 4545 921 4618 fieri
949 4544 1092 4617 infinite
