2618 5092
264 659 587 714 usrflrmsrrcm
607 659 853 714 scortarem.
1033 641 1083 722 47

45 831 197 906 tliesset
213 856 332 905 onum
349 854 430 904 esse
445 853 650 919 numerum,
674 831 746 906 hoc
764 843 909 906 tantum
926 831 1082 928 probare
1120 853 1270 895 ammons

45 956 183 1020 coatus
201 957 276 1035 est,
298 944 492 1043 quosdam,
514 944 577 1042 qui
594 957 727 1019 contra
742 946 918 1036 sentiunt,
936 956 1084 1020 senten·
1123 934 1266 1041 ,ζμ

45 1057 120 1132 iam
134 1082 245 1132 suam
264 1081 344 1132 non
363 1056 453 1130 satis
469 1055 751 1161 demonstrasse.

83 1171 131 1244 B.
158 1170 276 1247 Quod
299 1194 417 1244 unum
439 1169 488 1244 sit
504 1164 680 1244 numerus
704 1170 973 1245 demonstrabit
988 1169 1084 1245 forte

44 1288 201 1362 aterius.

84 1401 136 1476 Α.
164 1402 266 1474 Bene
284 1409 355 1474 est.
404 1399 749 1497 Pergamus—Sed
762 1422 906 1491 revera,
923 1399 960 1473 si
976 1425 1084 1474 acccc-

44 1523 123 1588 rate
138 1512 242 1613 loqui
257 1510 424 1602 velimus,
450 1535 521 1585 oon
548 1521 625 1584 tom
645 1512 772 1586 unitas
791 1537 901 1611 qaam
916 1511 1084 1601 nuditas,

43 1627 146 1701 riito
164 1626 265 1725 loqui
277 1626 406 1716 liccat,
423 1650 487 1698 seu
499 1624 651 1715 nullom,
668 1625 765 1699 idem
777 1634 949 1725 respecto
964 1650 1084 1698 nume-

43 1763 164 1813 roram
190 1739 345 1828 obtinet,
374 1739 476 1838 quod
492 1748 674 1838 punctum
704 1750 876 1838 respecto
902 1738 1085 1838 magnita-

43 1852 151 1928 dinis.

89 1966 139 2041 B.
166 1964 314 2040 Nollem
338 1965 409 2039 hoc
432 1964 597 2038 dixisset.
650 1964 748 2038 Nam
765 1989 850 2038 cum
871 1966 917 2039 ab
936 1965 1085 2038 Hobbio

42 2079 247 2176 culparetur
259 2078 363 2176 quod
374 2091 554 2175 punctum
567 2077 712 2151 dixerat
724 2102 803 2152 esse
815 2078 920 2167 nihil,
937 2078 1086 2174 negavit

42 2193 141 2266 seito
152 2193 323 2266 sensisse.
375 2192 484 2265 Nunc
495 2205 619 2265 tamen
634 2191 733 2265 idem
743 2192 831 2266 dicit
845 2192 1084 2288 apertissime.

42 2305 131 2380 Com
147 2306 246 2380 enim
264 2305 316 2379 sit
334 2315 376 2380 ut
393 2304 531 2379 nullum
551 2305 599 2378 ad
617 2329 814 2396 numerum,
839 2305 894 2378 ita
912 2313 1084 2402 punctum

41 2418 87 2493 od
114 2416 419 2518 magnitudinem,
446 2418 692 2492 certissimum
721 2431 778 2493 est
799 2428 979 2515 punctum
1007 2441 1086 2491 esse

88 2645 137 2719 Α.
163 2644 264 2721 Illud
280 2667 427 2742 quoque
441 2645 609 2742 ineptum
622 2660 691 2736 est,
709 2645 907 2743 quodcum
923 2645 961 2719 io
978 2669 1087 2742 prox-

42 2758 109 2832 ime
123 2757 423 2856 praecedentibus
439 2758 668 2833 distinxisset
684 2760 863 2833 unitatem
881 2760 927 2833 ab
944 2783 1028 2847 uno,
1046 2771 1088 2833 ut

41 2894 108 2944 m
123 2894 315 2945 numerum
331 2894 354 2944 a
370 2895 531 2962 numm,
548 2896 648 2946 nanc
666 2897 752 2953 cum
768 2870 867 2946 nuto
885 2871 1088 2946 confundat

42 2982 258 3058 narratam.
315 2983 483 3059 Hoccine
513 2996 572 3059 est
604 2985 705 3084 loqui
738 2985 938 3060 accurate?
990 2984 1088 3059 Proe-

42 3111 149 3189 terea‚
167 3122 257 3174 cum
276 3096 441 3189 dixisset,
466 3099 502 3171 ri
518 3109 697 3173 accurate
715 3098 818 3197 loqui
833 3097 997 3183 velimus,
1022 3121 1089 3170 cur

42 3211 163 3286 statim
191 3209 301 3285 addit
331 3208 366 3282 si
395 3211 463 3302 ita,
495 3211 631 3299 idest,
665 3235 741 3286 non
771 3222 956 3300 accurate,
988 3210 1090 3308 loqui

41 3321 183 3399 liccat?
236 3324 297 3397 An
315 3323 442 3398 scribit
455 3323 667 3398 dormiens?
719 3323 793 3397 Sed
809 3322 1090 3419 progredior.—

42 3437 93 3511 At
109 3433 574 3534 iuterrogaditurforsan,
587 3461 671 3511 nom
684 3435 794 3509 celim
805 3461 878 3536 ego
889 3461 915 3508 a
927 3444 1089 3509 ceteram

38 3551 185 3647 pariter
196 3558 237 3623 et
250 3549 498 3623 recentiorum
514 3549 670 3623 omnium
686 3549 871 3622 sententio
885 3547 1089 3638 discedere,

41 3665 101 3760 qai
127 3687 202 3737 ano
229 3686 296 3735 ore
323 3661 503 3736 unitatem
528 3670 660 3737 cocant
685 3661 912 3760 principium
934 3661 1088 3735 numeri.

42 3775 273 3876 Respondes,
303 3773 400 3848 nihil
427 3774 585 3849 absurdi
611 3798 695 3848 esse
725 3776 905 3870 majoram
932 3774 1090 3848 incentis

43 3887 345 3965 addere-Vide
363 3899 512 3985 captum
528 3888 688 3963 hominis
704 3887 969 3962 mathematici.
1008 3889 1091 3962 Ma-

45 4002 330 4076 thematicorom
356 4024 434 4075 esse
459 4012 568 4098 putat
590 4000 725 4075 docere
752 4025 799 4074 an
822 4024 938 4074 unum
961 4002 1009 4076 sit
1025 4026 1090 4076 vo-

47 4114 183 4189 candus
200 4136 402 4198 numems3
429 4114 533 4212 quasi
556 4137 632 4187 non
658 4114 760 4210 vulgi
787 4126 886 4188 esset
903 4115 1090 4212 impositio

46 4229 247 4318 nominum,
279 4239 346 4302 aut
374 4228 530 4325 quilibet
559 4254 580 4301 e
606 4227 718 4324 volgo
746 4252 821 4302 non
848 4253 952 4327 aeque
980 4230 1091 4303 sciret

48 4353 153 4440 atque
180 4340 322 4415 centies
347 4341 445 4415 mille
470 4340 683 4438 peritissimi
704 4342 941 4431 arithmetici,
965 4351 1092 4414 utrum

48 4476 158 4529 unum
172 4456 223 4530 sit
240 4478 415 4529 numerus
428 4479 559 4544 necne,
576 4454 616 4528 id
633 4467 700 4545 est,
714 4457 824 4553 juxta
840 4455 1093 4529 definitionem

51 4566 220 4660 Euclidis,
236 4579 364 4643 utrum
375 4567 487 4644 homo
505 4568 554 4643 sit
570 4568 738 4644 homines
755 4593 883 4643 necne.
936 4567 1094 4642 Mirarer
