2618 5092
208 682 281 749 284
534 696 589 749 ml
608 694 780 751 NATURA
797 694 936 751 nm.

258 862 306 937 Β.
333 862 559 960 corpusculo
588 863 681 938 dura
702 862 835 961 primu,
851 862 1003 937 luerunt
1024 860 1174 935 fortusse
1189 860 1229 935 sic

209 988 357 1048 creator
384 990 496 1072 atquc
512 975 585 1050 aliu
601 976 751 1074 quidem
774 976 929 1072 muium,
945 974 1021 1050 ulio
1034 974 1231 1065 miuormb

208 1088 329 1162 initio.

261 1201 310 1274 Α.
336 1201 439 1274 Esto.
490 1199 587 1273 Nam
604 1199 724 1297 primu
739 1198 789 1275 ud
812 1201 972 1298 primum
987 1220 1137 1275 ouusum
1150 1208 1234 1275 recu

208 1311 429 1386 referuntur.
482 1311 555 1386 Sed
579 1312 610 1385 si
633 1311 728 1387 dum
751 1334 799 1387 ex
819 1311 949 1410 primis
973 1310 1078 1386 duris
1095 1310 1175 1387 lieri
1192 1309 1236 1385 di-

210 1437 309 1514 cunt,
338 1449 451 1522 quare
481 1447 557 1498 non
584 1434 623 1497 et
648 1424 764 1499 liuida
787 1424 870 1499 fieri
896 1435 1032 1522 putuut
1057 1424 1236 1522 exprimis

209 1538 360 1612 fluidis?
386 1539 447 1611 An
459 1538 578 1611 creari
588 1537 704 1613 fluido
714 1538 876 1612 maximo
886 1551 1056 1635 potuere,
1069 1547 1113 1613 ut
1127 1538 1236 1625 ether,

209 1650 363 1723 minima
389 1674 464 1723 non
490 1650 669 1747 potuere?
728 1650 803 1725 Qui
833 1650 1095 1748 corpusculum
1123 1650 1238 1725 durum

211 1775 276 1835 aut
298 1762 454 1835 fluidum
478 1763 619 1858 primus
648 1762 750 1854 fecit,
766 1764 901 1860 potuit,
918 1764 951 1837 si
969 1762 1151 1853 libuisset,
1165 1760 1240 1837 illud

210 1874 339 1949 fecisse
356 1887 435 1949 tum
459 1877 587 1971 majus,
605 1885 685 1949 tum
707 1876 829 1949 minus
855 1899 1077 1973 quocunque
1104 1898 1240 1974 corpore

213 1988 313 2064 doto.
367 1987 478 2063 Quod
494 1988 526 2061 si
542 1986 696 2061 fluidum
722 1988 787 2062 fiat
810 2012 856 2063 ex
881 2011 959 2063 non
979 1988 1118 2081 fluidis,
1134 2001 1242 2063 utros

214 2101 349 2191 dicitis,
367 2113 405 2174 et
422 2100 554 2174 durum
572 2125 617 2173 ex
635 2100 738 2174 duris
755 2113 901 2175 tuntum
916 2127 926 2174 t
944 2125 1070 2177 nonne
1093 2102 1243 2199 sequitur

212 2238 257 2287 ex
270 2214 393 2287 fluidis
406 2214 545 2310 primis,
556 2237 676 2310 neque
689 2213 844 2288 liuidum
860 2215 953 2303 fieri,
966 2239 1089 2312 neque
1106 2212 1243 2290 durum?

262 2325 309 2399 B.
335 2328 394 2401 lta
424 2326 580 2399 videtur.
647 2325 827 2400 Quaenam
860 2350 950 2423 ergo
978 2327 1063 2400 duri
1091 2339 1130 2401 et
1155 2326 1246 2401 fluidi

212 2453 300 2514 sunt
317 2438 524 2535 principia?

262 2554 312 2626 A.
340 2552 441 2627 Quid
468 2551 568 2625 aliud
595 2552 679 2639 nisi,
700 2551 804 2624 fluidi
833 2551 995 2647 quidem,
1020 2554 1151 2648 quies:
1178 2553 1247 2626 duri

211 2677 348 2753 autem,
384 2677 505 2737 motus
535 2664 685 2760 quidam
712 2665 761 2737 ad
790 2665 893 2737 illum
920 2666 1095 2740 effectum
1124 2666 1247 2763 produ-

213 2778 370 2852 cendum
396 2777 576 2849 idoneus?
629 2776 698 2849 Per
722 2777 884 2871 quietem
911 2777 1082 2874 intelligo
1106 2780 1249 2853 duarum

207 2893 371 2987 partium
398 2890 495 2962 inter
520 2913 559 2962 se
586 2890 758 2984 quietem,
776 2913 861 2963 cum
885 2913 924 2962 se
949 2903 1080 2964 mutuo
1104 2902 1250 2989 tangunt

213 3004 373 3102 quidem,
392 3003 458 3076 sed
480 3027 554 3076 non
584 3014 766 3099 premunt.
819 3004 916 3076 Nam
933 3016 973 3076 et
989 3005 1108 3078 fluida
1123 3005 1251 3079 moveri

212 3128 292 3191 toto
306 3127 474 3214 possunt,
493 3128 636 3189 retenta
652 3115 857 3202 fluiditate;
884 3129 922 3189 et
948 3116 1041 3190 dura
1060 3119 1252 3215 quiescere,

212 3244 255 3303 ut
272 3243 397 3303 tamen
415 3242 538 3325 partes
556 3253 683 3302 eorum
702 3244 930 3303 moveantur.

261 3343 312 3416 B.
339 3344 424 3418 Quo
443 3356 546 3416 motu
565 3354 602 3415 et
620 3343 829 3438 quomodo?

262 3456 311 3528 A.
340 3456 506 3551 Exempli
535 3479 656 3544 causa,
675 3479 740 3528 aer
765 3458 828 3551 qui
850 3457 993 3530 revulso
1020 3472 1170 3532 suctorc
1185 3482 1254 3531 ma-

212 3568 331 3641 chinae
345 3583 477 3642 vestroe
495 3569 695 3664 impellitur
713 3569 752 3640 in
770 3569 975 3665 cylindrum
991 3595 1152 3661 aeueum,
1163 3584 1254 3645 totus

212 3679 360 3774 quidem
387 3703 460 3753 non
490 3692 669 3768 movetur,
697 3680 762 3752 sed
785 3680 822 3752 in
845 3682 975 3755 eodem
1005 3696 1134 3758 manet
1160 3684 1253 3757 loco:

210 3817 340 3866 verum
365 3794 555 3888 particulae
585 3796 664 3889 ejus
690 3818 828 3882 omnes,
847 3807 889 3868 ut
914 3820 1050 3892 magno
1078 3809 1183 3870 motu
1206 3798 1255 3868 in·

212 3930 347 4002 gressae
364 3919 462 3994 sunt,
480 3906 533 3979 sic
558 3909 670 3979 etium
700 3932 835 4003 magno
860 3921 963 3982 motu
986 3911 1089 3983 intus
1107 3911 1255 3994 cientur,

211 4043 442 4114 unaquaequc
469 4032 599 4094 contra
624 4021 732 4094 aliam
758 4044 825 4117 per
851 4022 948 4095 latus
971 4023 1134 4118 cylindri
1152 4047 1256 4120 oppo

213 4133 324 4205 situm
358 4132 574 4227 ingressam.
626 4134 674 4206 Et
701 4134 855 4230 proinde
886 4149 1009 4208 motus
1043 4137 1192 4210 illarum
1222 4136 1255 4208 in

212 4244 434 4316 brevissimis
462 4246 589 4339 spatiis
607 4257 694 4319 suut
708 4247 941 4335 velocissimi,
959 4259 997 4320 et
1013 4265 1170 4345 propter
1185 4273 1256 4321 mu-

213 4367 314 4428 tuam
339 4358 609 4453 oppositionem
636 4359 846 4432 circulares.
898 4361 1022 4455 Atque
1039 4360 1131 4435 hino
1149 4362 1255 4436 maui-

212 4468 349 4542 festum
376 4485 431 4543 est
457 4472 711 4545 vehementem
738 4497 817 4546 esse
843 4473 880 4545 in
905 4498 990 4546 uere
1017 4475 1073 4549 ita
1097 4488 1200 4551 moto
1223 4485 1254 4547 et

214 4582 337 4655 clauso
372 4587 696 4680 compressionem,
732 4598 908 4683 quantam
942 4588 1085 4664 scilicet
1122 4592 1252 4665 efficere
