2618 5092
291 676 620 733 UATHBHA'I'IGAE
640 678 884 733 RODIERNAE.
1040 666 1105 731 l2l

57 845 295 945 geometrica,
309 846 419 920 illam
436 868 515 919 esse
532 846 623 921 dicit
638 872 715 946 quo
726 856 992 945 comparantur
1002 869 1109 944 mag·
1144 871 1297 915 »morus

59 959 239 1034 nitidiores
278 959 486 1033 secundum
519 959 798 1056 dffereotiom
828 972 867 1034 et
895 960 935 1033 id
960 959 1110 1056 quidem
1147 954 1291 1060 ,ξιξ

59 1084 171 1157 rocte3
196 1072 323 1162 hanc,
336 1071 536 1146 secundum
551 1098 662 1171 quom
678 1099 752 1147 uno
769 1083 827 1147 eat
844 1071 1003 1147 alterius
1019 1097 1109 1172 qoo-

64 1184 158 1284 tspla
174 1184 245 1260 oel
257 1183 483 1284 qrromplo.

105 1297 152 1373 Β.
180 1296 296 1374 Quid
307 1309 369 1371 est
381 1297 472 1370 illud
490 1299 734 1395 quantuplum
747 1299 778 1373 ?'
813 1299 987 1374 Latinum
1004 1308 1107 1373 certe

64 1435 130 1484 non
144 1422 221 1484 est.

108 1523 158 1597 A.
183 1539 297 1613 tropa
318 1535 414 1609 λόγων
429 1531 484 1608 titt
505 1523 741 1618 proverbium
766 1524 991 1614 Graecorum,
1009 1523 1111 1620 quod

68 1636 192 1711 latine
220 1644 336 1710 sonat
362 1633 423 1706 cui
443 1633 563 1731 ,haret
590 1636 714 1710 oratio
741 1637 863 1727 torsit,
881 1660 1010 1711 verum
1028 1650 1108 1723 est;

70 1750 127 1823 sed
143 1763 184 1825 et
204 1773 341 1824 rerum
371 1760 429 1823 est
453 1773 527 1838 eoS,
545 1750 610 1846 qni
639 1750 794 1825 dicendo
821 1751 993 1849 progredi
1020 1752 1110 1825 alios

71 1866 248 1953 nesciunt,
278 1885 430 1937 necesse
464 1863 663 1960 eliquando
696 1866 832 1939 habere
868 1890 966 1940 novo
1000 1866 1113 1938 verba

74 1978 201 2053 cudere
218 2000 306 2074 quae
322 1975 417 2049 nihil
434 1975 645 2073 significant
671 2001 746 2051 non
762 1978 845 2074 plus
862 2002 971 2074 quam
987 1978 1110 2051 tussis.

74 2091 165 2166 Nam
189 2115 278 2166 com
308 2089 461 2165 deberet
489 2091 612 2165 dicere
641 2092 823 2166 rationem
849 2092 1112 2187 geometricam

76 2228 147 2279 esse
174 2216 279 2295 tnnc,
294 2227 381 2277 cum
406 2228 481 2277 una
508 2205 695 2300 quantitas
724 2215 829 2277 tanta
858 2215 914 2276 est
943 2214 1112 2299 respectu

77 2318 233 2407 alterius,
258 2316 567 2414 quemadmodum
593 2318 759 2414 superius
789 2317 932 2390 dictum
961 2328 1029 2405 est,
1048 2318 1110 2389 et*

78 2431 242 2528 ignorem
259 2441 431 2504 naturam
447 2430 501 2504 rei
511 2430 605 2504 dixit
615 2454 693 2504 esse
704 2442 806 2520 tunc,
819 2454 903 2503 oum
912 2453 987 2502 una
998 2453 1111 2526 qnan-

79 2545 158 2619 titus
173 2556 230 2618 est
246 2543 451 2640 quantoplo
468 2544 629 2617 alterins.

121 2658 167 2732 B.
195 2658 276 2731 Imo
308 2679 410 2746 vero,
440 2681 516 2732 non
546 2658 732 2754 ignorans
756 2655 820 2731 sed
843 2656 973 2730 nolens
994 2654 1113 2728 videri

82 2769 222 2844 edoctus
239 2771 287 2843 ab
307 2768 467 2859 Hobbio,
483 2769 587 2863 (nam
611 2771 643 2843 is
669 2770 773 2842 illum
801 2768 873 2842 hoo
902 2768 1109 2863 docuerat),

83 2884 185 2958 voluit
209 2883 344 2957 saltem
372 2882 480 2957 aliter
505 2883 618 2980 loqui,
631 2894 673 2956 ut
699 2881 887 2956 videretur
903 2881 1109 2956 dissentire.

85 2996 296 3072 lnlaeliciter.

124 3111 168 3184 A.
194 3108 309 3185 Paulo
339 3119 433 3205 post,
468 3108 597 3183 eadem
623 3109 790 3206 exemplo
823 3108 1023 3195 illustram,
1052 3131 1111 3178 re-

87 3222 198 3312 audo,
210 3221 347 3319 inquit,
365 3222 523 3320 qraesito
539 3223 679 3319 rotirffl
691 3221 753 3295 obi
765 3220 971 3294 ostenditur
984 3228 1112 3317 quotu·

83 3333 171 3430 ploro
194 3335 247 3408 rit
269 3333 340 3407 hoc
364 3333 420 3407 od
443 3333 550 3424 illud,
576 3335 709 3430 (voluit
734 3335 857 3408 dicere
882 3332 951 3406 hoc
974 3331 1110 3424 illios),

88 3449 204 3523 omissa
218 3471 312 3521 voce
330 3447 544 3546 quantoplo.
595 3450 651 3523 Ex
665 3474 737 3546 quo
756 3447 976 3544 intelligitur
997 3445 1112 3520 ratio-

89 3581 156 3634 nem
183 3559 365 3635 diametri
391 3559 439 3634 ad
466 3559 570 3635 latur
599 3563 864 3659 geometricam
905 3584 981 3635 non
1018 3583 1111 3651 esse,

89 3695 156 3748 cnm
171 3675 293 3749 altera
310 3673 460 3748 alterius
477 3675 623 3772 totuplo
641 3699 720 3750 esse
737 3699 812 3749 non
826 3675 954 3773 possit.
981 3675 1112 3770 Itaque

88 3787 199 3862 nelius
216 3787 408 3883 aliquanto
419 3787 579 3881 fecisset,
591 3789 622 3862 si
635 3790 847 3864 retinuisset
860 3788 1111 3885 quantuploor.

124 3898 165 3974 B.
192 3899 391 3975 Quomodo
416 3901 574 3974 vertitur
602 3901 758 3998 Anglice
789 3899 1025 3998 qrrontuplum
1053 3899 1112 3973 vel

90 4012 310 4113 inruptum?

126 4126 169 4200 Α.
195 4125 367 4200 Viderint
383 4125 540 4201 lectores
557 4128 681 4223 Angli.
723 4127 795 4201 Sed
813 4127 1009 4224 lego-In
1018 4150 1115 4223 pos-

91 4238 215 4330 teriori,
225 4239 273 4312 de
283 4239 432 4313 ratione
443 4239 522 4313 rior
531 4242 779 4340 proportione
795 4240 987 4338 quaritur,
1005 4238 1114 4331 dffe-

92 4352 196 4425 retia
223 4351 373 4425 interim
399 4352 544 4426 minime
571 4351 1000 4427 considerata—Quid?
1068 4351 1113 4422 ln

451 4590 470 4627 ¹*
493 4589 542 4652 sie
555 4591 635 4650 Edit.
653 4594 739 4652 1668.
