2640 5092
290 633 606 688 MATHBMATIGAE
626 636 871 690 RODIBRNAE.
1051 622 1099 686 45

106 803 158 879 Β.
183 802 387 877 Considera
410 802 631 877 fractionem
655 804 762 896 haue,
785 803 841 887 ᾧ.
894 801 996 878 Quid
1026 801 1099 898 sig·
1141 829 1280 871 oramen

50 915 211 991 nificat?
1140 910 1281 1017 ,ζ

103 1030 157 1105 Δ.
185 1028 357 1104 Quatuor
374 1029 545 1103 unitates.

106 1141 158 1217 B.
185 1141 339 1217 Quare?

105 1255 157 1330 Α.
184 1254 285 1331 Quia
315 1265 553 1351 quotcunque
584 1267 709 1351 partes
743 1255 878 1351 integri
910 1253 1101 1329 fractionis

49 1367 316 1444 denominatur
330 1368 455 1442 unitas
472 1366 698 1455 denominat,
715 1391 842 1442 earum
854 1369 1014 1466 partium
1032 1391 1101 1441 uu-

53 1493 219 1557 metator
242 1491 414 1555 numerat
438 1489 607 1578 quotuor.
658 1480 733 1555 Sed
759 1505 867 1555 unum
887 1481 1103 1556 denominat

52 1595 176 1692 ipsum
202 1595 390 1691 integmm
413 1593 634 1679 indivisum
660 1604 746 1668 sunt
768 1618 858 1692 ergo
883 1593 924 1678 -ἷ-
942 1607 1102 1692 quatuor

53 1709 254 1795 unitatae..

106 1820 158 1895 B.
185 1821 399 1918 Itaquehoo
408 1819 516 1904 dioit;
533 1820 627 1911 illos,
641 1820 1101 1917 quiuuitatemnumenrm

51 1958 135 2009 eme
159 1943 312 2031 negant,
338 1944 429 2008 tuno
454 1932 684 2007 solummodo
714 1933 753 2007 id
778 1957 927 2029 negare,
954 1933 1102 2028 quando

51 2047 180 2121 unitae
196 2046 245 2121 ait
262 2045 519 2120 denominatur
535 2046 729 2120 fractionis
746 2058 789 2121 ut
804 2047 844 2119 in
861 2045 901 2129 {-
917 2045 977 2119 vel
990 2043 1051 2127 -}.

105 2159 156 2235 A.
182 2159 286 2233 Dicit
297 2181 387 2254 ergo
400 2157 599 2248 wallisius,
614 2158 701 2232 dum
713 2168 875 2257 quotuor
888 2158 1101 2232 tantundem

51 2271 180 2346 uolent
204 2296 252 2346 uc
272 2279 433 2370 quotuor
458 2271 632 2362 unitates,
657 2296 728 2345 uox
754 2271 826 2345 illa
852 2271 1014 2345 unitates
1033 2296 1102 2344 neo

52 2408 227 2459 merae
243 2394 311 2476 eat,
325 2409 391 2458 nec
405 2408 504 2482 pora
517 2384 671 2474 numeri,
683 2384 756 2458 aed
767 2382 829 2459 oel
838 2383 979 2457 numeri
990 2383 1102 2458 deuo·

55 2498 211 2572 nimio
227 2521 294 2571 teu
311 2495 579 2586 denominatur,
595 2497 656 2570 vel
672 2497 793 2596 ipsum
809 2506 1048 2572 nummatum.

106 2610 157 2685 B.
185 2609 256 2684 His
281 2634 371 2708 ergo
396 2610 521 2685 verbis
548 2610 649 2684 vides
670 2623 713 2684 ut
729 2611 819 2707 ipse,
846 2634 929 2707 quae
945 2610 1103 2684 obseura

53 2737 143 2799 aute
159 2736 280 2813 erant,
298 2723 396 2798 ulare
413 2723 609 2820 eloquatus
626 2735 694 2799 est.

96 2837 149 2912 Α.
176 2837 237 2913 Ita
248 2836 358 2926 clare,
369 2848 413 2910 ιιι
425 2837 520 2911 scias
533 2837 623 2934 quid
637 2838 709 2911 illis
723 2838 940 2935 contingere
953 2861 1103 2911 necesse

54 2951 116 3039 sit,
150 2950 285 3046 quibua
312 2963 398 3025 ante
426 2962 630 3024 naseuntur
654 2951 858 3048 opiniones,
892 2964 977 3048 post
1002 2975 1102 3045 quae·

54 3075 190 3138 rantur
213 3075 434 3160 argumenta
458 3064 591 3160 quibua
616 3077 773 3162 possunt
798 3064 969 3148 defendi;
994 3064 1104 3136 nimi-

54 3200 151 3266 rum,
177 3175 488 3273 quemadmodum
520 3177 564 3250 iis
594 3177 742 3266 accidit,
773 3177 838 3274 qui
871 3177 910 3249 iu
940 3176 1104 3250 tenebris

53 3291 245 3378 οδεπιιιιι,
269 3302 313 3362 ut
338 3312 557 3386 quacunque
582 3302 802 3364 moveantur
829 3289 1038 3386 impingant
1064 3290 1103 3363 iu

53 3404 179 3501 aliqua
191 3403 426 3478 offendicula
478 3402 576 3478 Nam
589 3416 632 3478 ut
645 3405 820 3478 unitatem
833 3404 1104 3479 sustineatesae

55 3539 264 3604 numerum,
290 3516 466 3606 umentes,
492 3517 532 3592 id
557 3530 614 3592 est
639 3517 775 3615 plume,
802 3541 997 3591 numerum
1024 3542 1103 3592 esse

54 3644 190 3727 negat3
215 3653 286 3704 neu
303 3640 474 3725 quatuor,
503 3644 569 3706 aut
584 3642 674 3721 trae,
695 3641 760 3705 aut
778 3632 924 3728 quotvis
940 3632 1102 3707 unitates

54 3766 251 3819 numerum
268 3766 347 3818 ease
363 3744 516 3840 patitur.

104 3857 157 3933 B.
184 3856 271 3932 Non
294 3869 407 3953 negat
429 3871 589 3954 quatuor
611 3859 776 3932 unitates
797 3882 877 3933 esse
893 3882 1100 3948 numerum,

53 3971 120 4047 aad
136 3995 261 4045 mrem
278 3969 382 4044 illum
397 3972 565 4046 unitatae
581 3995 775 4046 numerum
792 3996 871 4047 esse
888 3985 1013 4070 negat.

104 4085 156 4159 Α.
185 4084 281 4160 Quis
297 4084 416 4159 nescit
431 4109 561 4161 vocem
578 4086 678 4159 illum
696 4087 873 4174 unitates,
890 4098 967 4172 ant,
984 4086 1015 4160 ai
1036 4086 1103 4172 vis,

53 4221 185 4272 vouem
201 4196 304 4272 illam
319 4221 520 4288 numerum,
537 4223 611 4273 uon
636 4223 715 4273 esse
740 4201 961 4274 numerum?
1005 4199 1102 4273 Nam

53 4333 231 4385 numerus
247 4323 305 4384 est
330 4312 515 4386 unitatum
539 4313 751 4403 multitudo,
777 4337 849 4387 vox
879 4325 1003 4388 antem
1026 4334 1102 4385 non

53 4436 119 4498 eat
174 4424 457 4515 (interiturum,
475 4450 523 4499 an
545 4426 584 4500 in
608 4426 791 4501 fractione
816 4428 942 4518 hae-1-
962 4425 1102 4521 siguifi-

53 4550 164 4613 eante
193 4548 355 4634 quatuor
380 4539 556 4628 unitates,
587 4551 746 4636 quatuor
771 4541 821 4615 sit
846 4562 1033 4627 numerus,
1060 4550 1103 4612 ut
