2618 5092
229 658 304 727 348
507 674 787 727 raonnruara
805 674 1003 731 rnrsrca.

53 865 174 909 cmm.
229 865 364 938 aquam
382 841 494 916 maris
510 854 550 916 et
565 842 761 917 fluminum
776 842 967 943 congelari
984 842 1079 919 dixi.
1115 842 1256 919 cotun
1300 796 1302 845 Ι

27 934 217 1055 „ffig
228 967 353 1028 autem
370 955 424 1028 sic
441 954 646 1053 congelata
662 966 751 1031 suut
765 956 843 1031 nix.

27 1060 217 1173 ml*
278 1068 328 1141 A.
358 1069 555 1144 Quomodo
578 1093 669 1167 ergo
691 1070 938 1167 congelantur
960 1080 1087 1167 gnttte
1110 1071 1258 1167 maim,

225 1182 386 1255 maxime
404 1207 492 1256 vero
510 1195 678 1280 tempore
693 1184 837 1275 estivo,
854 1183 894 1257 in
911 1182 1161 1281 grandinem?

278 1294 327 1367 B.
354 1295 399 1367 Iu
409 1307 539 1369 aestate
551 1296 710 1369 maxime
722 1295 909 1393 contingit
919 1306 965 1369 ut
975 1294 1099 1371 nubea
1108 1302 1259 1371 conamt

226 1431 272 1480 ex
296 1408 466 1480 maximis
483 1408 612 1504 guttis,
629 1421 747 1503 utque
762 1408 926 1483 maxima
941 1408 1058 1506 copia
1071 1432 1177 1507 aquae
1198 1406 1259 1481 ele-

224 1535 346 1595 vetur.
381 1521 513 1618 Itaque
525 1521 646 1619 spatio
663 1522 761 1596 inter
777 1533 918 1595 terram
934 1531 975 1596 et
988 1522 1110 1597 nubes
1121 1520 1258 1596 arctiore

224 1633 336 1725 facto,
363 1644 487 1709 motus
513 1635 610 1709 aeris
636 1646 744 1709 tanto
776 1636 821 1709 fit
845 1634 1034 1709 velocior:
1059 1646 1101 1709 et
1124 1632 1258 1733 proinde

224 1758 352 1843 guttas
379 1747 461 1821 illas
488 1746 662 1845 congelat
683 1770 760 1821 non
784 1746 826 1821 in
850 1746 942 1844 ipsis
967 1746 1144 1837 nubibus,
1164 1744 1258 1821 seda

224 1861 385 1934 nubibus
396 1860 582 1935 cadentes.
618 1858 700 1935 Nec
712 1872 838 1935 tamen
848 1870 949 1935 totas
960 1860 1148 1959 congelat,
1161 1856 1258 1957 (quod

225 1972 382 2048 cadendi
400 1974 575 2070 exiguum
593 1985 741 2070 tempus
767 1996 844 2047 non
869 1972 1047 2070 patitur),
1064 1971 1132 2047 sed
1152 1973 1190 2047 in
1209 1994 1257 2045 su·

223 2087 375 2185 perficie
399 2097 567 2161 tantum:
603 2100 647 2161 ut
672 2086 912 2161 manifestum
936 2100 1008 2176 est,
1034 2108 1083 2160 ex
1108 2082 1256 2183 eoquod

224 2200 343 2275 multo
361 2225 472 2297 quam
489 2200 626 2298 glacies
643 2213 710 2275 aut
726 2201 790 2274 nix
806 2199 917 2274 citius
933 2198 1145 2296 liquefiunt

277 2314 327 2387 Α.
354 2314 430 2388 Cur
446 2338 522 2387 nou
535 2313 735 2411 aliquando
747 2313 878 2402 nubes,
889 2313 1005 2387 etiam
1019 2314 1254 2410 integraegu·

225 2428 405 2524 vidaeque,
436 2428 681 2524 congelantur
714 2428 753 2500 in
788 2450 902 2500 unam
935 2450 1115 2523 magnam
1147 2423 1254 2524 glaciei

226 2539 389 2614 molem?

277 2652 323 2726 B.
351 2654 421 2741 Ita,
440 2652 564 2741 credo,
582 2651 826 2749 congelantur
842 2652 989 2750 quoties
1005 2664 1129 2727 tonat.

276 2767 327 2840 A.
355 2765 428 2840 Sed
448 2788 561 2863 quare
579 2767 633 2839 ita
650 2765 798 2839 credis?

276 2880 327 2953 B.
354 2879 511 2976 Propter
540 2880 660 2977 ipsum
691 2902 836 2968 sonum,
863 2879 926 2975 qui
956 2881 1111 2976 proprie
1129 2878 1257 2976 fragor

227 2994 387 3068 dicitur:
414 3018 546 3067 sonum
564 2992 660 3082 dico,
678 2993 824 3090 qualem
841 2992 955 3066 efficit
973 2992 1137 3067 duorum
1150 3013 1257 3088 corpo

227 3132 310 3181 rum
327 3107 523 3181 diffractio.
575 3107 651 3182 Qui
667 3107 793 3203 fragor
806 3105 992 3202 quomodo
1005 3107 1090 3180 fieri
1107 3104 1257 3205 possitiu

227 3245 383 3318 corpore
400 3245 476 3295 non
495 3220 600 3309 duro,
619 3220 826 3317 intelligere
844 3244 918 3293 uon
936 3244 1105 3317 possum.

278 3336 327 3409 Α.
354 3335 447 3423 lmo,
458 3334 578 3431 pulvis
595 3333 656 3407 ille
674 3358 785 3431 quem
802 3334 991 3431 appellant
1009 3357 1145 3408 aurum
1156 3328 1259 3407 fulmi-

226 3471 330 3536 nauS,
348 3447 468 3521 mollis
486 3458 554 3521 est.
606 3448 782 3520 Attamen
806 3448 838 3519 si
863 3445 1100 3542 aequabiliter
1124 3446 1258 3530 calefiat,

225 3560 411 3656 fragorem
428 3559 505 3635 edit
518 3561 673 3633 similem
686 3560 854 3634 tonitrui.

278 3673 327 3749 Β,
356 3674 429 3747 Sed
447 3672 640 3770 pulvisculi
656 3672 754 3747 illius
766 3672 958 3770 particulae
975 3673 1138 3771 singulae
1149 3692 1259 3771 perse,

226 3809 293 3859 cur
309 3810 385 3859 uon
402 3797 556 3882 possunt
573 3809 652 3859 esse
669 3784 784 3873 durae,
797 3785 866 3858 etsi
885 3794 987 3858 totus
1002 3787 1174 3860 cumulus
1185 3780 1260 3857 mol·

225 3898 270 3971 lis
296 3898 366 3971 sit:
392 3896 703 3995 quemadmodum
726 3921 850 3971 arenae
875 3921 1032 3971 acervus
1059 3899 1182 3972 mollis
1206 3905 1260 3979 est,

225 4036 434 4108 quanquam
452 4035 608 4109 granum
628 4013 706 4108 ejus
723 4009 1016 4107 unumquodque
1034 4011 1170 4086 durum
1192 4006 1258 4083 est?

225 4125 328 4198 Sales
345 4126 508 4199 omnium
527 4149 706 4222 generum
723 4123 858 4197 similes
878 4134 965 4196 sunt
982 4124 1132 4219 glaciei,
1150 4137 1186 4198 et
1200 4124 1261 4197 ira·

224 4239 317 4333 giles
334 4250 375 4313 ut
400 4239 548 4335 glacies.
599 4239 723 4310 Etiam
749 4248 792 4310 ut
813 4238 880 4310 fiat
906 4261 1040 4310 aurum
1064 4237 1258 4320 fulminans,

227 4352 437 4425 dissolvitur
454 4375 584 4424 nurum
603 4375 673 4447 ope
696 4350 785 4423 uitri
812 4361 850 4423 et
873 4350 1005 4423 salium
1030 4351 1209 4425 aliorum:
1230 4358 1259 4419 et

226 4488 382 4560 granum
400 4464 690 4562 unumquodque
708 4464 789 4537 auri
801 4463 1034 4538 fulminantis
1047 4489 1117 4561 per
1127 4464 1215 4554 se,si
1228 4461 1257 4532 iu

227 4577 351 4672 iguem
380 4579 578 4675 injiciatur,
607 4578 777 4675 crepitat,
803 4577 842 4651 id
865 4590 934 4668 est,
959 4577 1122 4675 fragoris
1144 4595 1256 4655 sonun
