2640 5092
211 634 290 697 462
357 642 412 694 BR
432 640 664 693 eniserunt
684 640 737 692 Π
755 639 1129 692 nanocrxmon't

29 844 79 884 n.
93 841 181 881 xxm.
211 812 370 884 mediam
396 808 580 882 inveneris
604 806 932 904 promniouelem.
985 806 1091 879 Nam
1107 807 1183 879 erit
1204 807 1260 880 illa

26 916 168 1021 'js-J
211 913 359 1010 quidem
384 934 460 982 non
487 908 593 981 valde
610 908 757 980 diversa
772 931 797 979 e
811 919 1010 1002 tangente:
1036 907 1105 981 sed
1130 920 1260 997 temen,

26 1048 199 1111 mem?
211 1031 242 1098 si
260 1050 345 1098 eum
363 1024 557 1119 diligentia
580 1022 795 1117 operabere,
812 1021 935 1095 media
959 1022 1027 1094 ille
1054 1023 1179 1095 minor
1196 1023 1260 1095 erit

43 1114 201 1147 “mm
212 1164 323 1235 quam
340 1154 497 1232 tangens
508 1145 557 1208 30
567 1135 763 1232 graduum,
782 1135 958 1207 nimirum
976 1160 1092 1231 quam
1112 1136 1192 1209 BL:
1211 1148 1260 1209 est

213 1270 339 1323 tamen
368 1248 433 1321 illa
460 1247 595 1337 media,
625 1247 723 1321 latus
753 1272 881 1320 rernm
910 1248 1087 1344 quadrati
1119 1250 1259 1347 Qualis

214 1374 263 1437 48
280 1360 509 1460 quadratura
525 1375 631 1433 sexta
646 1376 755 1458 parte
774 1361 850 1450 BG,
868 1362 1048 1434 nimirum
1066 1362 1117 1436 ab
1135 1363 1204 1436 Nr.

264 1477 401 1549 Verum
418 1498 524 1548 error
540 1474 602 1547 ille
619 1499 667 1548 an
685 1498 843 1571 mugnus
865 1499 913 1548 an
939 1500 1081 1571 parvus
1099 1476 1162 1564 sit,
1178 1476 1260 1549 nihil

214 1592 275 1664 hio
292 1590 418 1662 refert.
461 1586 559 1660 Nam
577 1588 648 1661 etsi
664 1588 788 1661 nullus
804 1601 914 1676 esset,
932 1612 1021 1661 cum
1038 1601 1168 1664 tamen
1185 1613 1260 1685 pro-

213 1704 350 1800 positio
367 1701 431 1775 illa
451 1701 619 1796 (propter
634 1701 819 1796 principia
834 1701 968 1797 quibus
984 1702 1173 1791 inuititur,
1190 1726 1261 1799 qua

214 1831 302 1891 sunt
319 1829 362 1889 nt
378 1838 491 1911 supra
507 1813 654 1887 ostendi
667 1814 789 1886 dubiae
805 1813 909 1905 fidei)
925 1815 1043 1887 etiam
1061 1815 1145 1912 ipsa
1160 1815 1261 1890 dubia

215 1931 310 2004 est*
335 1929 466 2025 Itaque
476 1939 616 2001 temere
627 1925 769 1999 dietum
780 1940 838 1999 est
851 1950 873 1998 e
886 1926 1202 2025 Clavi0,adpr0p.
1212 1936 1261 2017 16,

216 2046 333 2119 Elem.
347 2043 399 2131 iii,
414 2053 544 2114 contra
557 2040 804 2128 Pelletarium‚
818 2046 841 2079 “
853 2039 1147 2133 Geometrieas”,
1163 2041 1202 2115 id
1212 2054 1262 2116 est

215 2169 503 2255 geometrarum,
522 2158 544 2192 “
558 2152 892 2227 demonstrationes
916 2153 1105 2248 ejusmodi
1122 2178 1210 2245 esse,
1225 2167 1262 2230 ut

217 2291 436 2344 consensum
471 2276 714 2362 extorqueant
743 2290 787 2338 ae
818 2266 1093 2340 dubitationem
1125 2293 1261 2341 omnem

220 2381 429 2468 excludant,
445 2380 616 2474 nulloque
628 2378 739 2451 modo
755 2379 963 2475 quempiam
979 2380 1106 2455 sinant
1121 2382 1261 2477 ancipiti

221 2497 392 2593 opinione
419 2493 585 2581 distrahi,
613 2493 665 2564 sie
691 2506 733 2565 ut
759 2505 837 2566 tum
863 2495 1093 2568 assentiatur
1120 2497 1150 2569 si
1171 2497 1261 2584 velit,

222 2625 301 2685 tum
321 2610 350 2682 si
369 2608 461 2680 nolit
479 2607 706 2679 dissentiat.''

274 2724 313 2796 Si
333 2720 491 2793 circulus
510 2719 565 2791 vel
593 2720 817 2814 triangulum
835 2730 977 2792 sectum
995 2721 1112 2796 fuerit
1129 2725 1168 2796 in
1184 2748 1261 2820 qua

224 2851 309 2910 tuor
337 2846 472 2930 partem
501 2857 580 2927 qutu
607 2844 731 2927 partes
758 2831 933 2926 dispersae
960 2848 1099 2922 essent,
1124 2860 1197 2908 una
1223 2835 1260 2907 ad

227 2951 338 3024 Indos
369 2947 587 3032 OrientaIeS,
619 2948 736 3018 altera
769 2946 816 3017 ad
852 2947 965 3020 ludos
1002 2951 1260 3037 occidentales,

224 3064 335 3137 tertia
352 3061 400 3132 ad
416 3059 542 3131 Polum
562 3059 762 3146 dretieum,
779 3072 909 3154 quarta
926 3061 974 3132 ad
993 3063 1259 3136 Autarcticum:

224 3191 380 3275 putasne
411 3197 489 3246 esse
518 3172 869 3244 demonstrationem
904 3176 1174 3266 geometricam
1206 3177 1261 3248 ali·

226 3316 346 3388 quam,
374 3314 454 3385 (prm
485 3312 543 3358 me
571 3310 704 3380 eogere
734 3299 858 3380 posset
887 3301 930 3358 ut
960 3288 1112 3363 credam
1137 3304 1262 3388 puncta

225 3429 350 3478 eorum
366 3401 555 3475 verticalia
569 3424 643 3471 uon
657 3425 734 3471 esse
748 3413 904 3495 ‹uratuor
918 3416 1071 3495 punctu,
1083 3405 1149 3478 sed
1162 3429 1262 3478 unum

226 3519 393 3613 idemque
421 3514 619 3610 puuctum?
673 3515 767 3584 Item
786 3515 815 3584 si
835 3513 924 3609 quid
953 3531 1148 3591 moveatur
1173 3533 1263 3590 motu

225 3632 396 3729 aequabili
411 3654 476 3725 per
491 3628 610 3700 miuus
621 3641 659 3698 et
674 3630 790 3722 majus
806 3628 977 3722 spatium,
990 3632 1262 3726 extorquebitne

227 3744 494 3820 demonstratio
510 3742 584 3813 ulla
601 3754 642 3813 ut
656 3741 803 3812 credant
820 3740 918 3834 quod
936 3765 1012 3813 non
1027 3758 1192 3817 trauseat
1208 3767 1263 3840 per

226 3861 378 3957 {equale
394 3871 459 3931 out
476 3870 517 3929 ut
536 3856 684 3928 credam
699 3879 784 3926 reru
802 3878 880 3926 esse
899 3880 980 3950 quau
999 3879 1113 3953 supra
1131 3857 1263 3933 ostendi

227 4001 305 4049 esse
325 3970 504 4046 absurda?

278 4091 315 4162 si
335 4111 417 4160 mea
435 4086 512 4157 lure
531 4096 630 4155 recte
650 4081 902 4153 demonstrata
928 4097 1028 4170 sunt,
1047 4086 1264 4158 auimadrer·

227 4204 341 4278 tenda
359 4202 425 4275 tibi
444 4212 625 4296 praterea
643 4209 741 4283 sunt,
760 4196 890 4290 primo,
910 4199 1111 4270 maximam
1135 4216 1264 4295 partem

287 4318 522 4409 “positionum
542 4338 623 4407 quta
638 4310 845 4406 ‹leniendent
864 4335 885 4381 a
900 4335 1006 4406 prop.
1023 4320 1086 4397 47,
1100 4316 1213 4386 Elem.
1224 4312 1265 4387 iii.

323 4445 325 4449 '
349 4445 473 4506 autem
493 4429 635 4505 multa)
658 4424 821 4497 nondum
841 4449 919 4495 usse
937 4425 1237 4502 dernoustratnm.

347 4570 537 4581 ——--.-·-
562 4569 580 4573 --
931 4564 1069 4574 --·-—-.-
1104 4570 1109 4575 ..
1130 4570 1146 4576 -
1176 4571 1181 4575 .
1204 4570 1227 4575 --

547 4618 560 4646 “
588 4617 636 4671 sic
651 4615 719 4670 vdit.
742 4615 816 4668 ludu
831 4628 857 4668 m
880 4615 962 4669 luds.
