2640 5092
336 642 615 698 PnonnnMArA
634 642 828 696 Pnrstcn.
1030 629 1098 694 3Ιί

109 811 163 887 Β.
191 813 234 887 ln
253 811 448 886 reddendis
471 812 590 885 causis
608 811 836 885 naturalibus
863 809 960 884 ultra
979 808 1105 882 verisi-

1164 834 1232 876 ΟΔΡ.
1248 833 1267 873 l.

1152 903 1290 936 *rw—³

50 924 148 999 mile
164 924 220 999 ire
242 925 450 999 hominibus
476 948 551 998 non
575 922 802 998 conceditur.
853 923 1103 996 Veruntamen
1132 964 1288 1023 mmm

50 1038 217 1113 meliora
232 1038 313 1112 haec
329 1049 427 1125 sunt,
441 1061 551 1134 qnam
567 1049 610 1110 ut
622 1048 688 1111 aut
700 1059 848 1111 censam
859 1036 1105 1110 descensionis

49 1151 232 1248 grovimn
266 1151 430 1225 dicemus
460 1174 539 1224 esse
574 1150 805 1247 gravitatem,
836 1150 900 1224 ubi
930 1151 1106 1245 qnaeritur

52 1287 178 1339 cause
203 1264 419 1362 gravitatis:
445 1276 510 1338 aut
537 1263 636 1359 quod
663 1265 790 1360 grevia
816 1288 839 1337 a
869 1277 966 1337 terra
992 1274 1107 1337 ottra-

52 1377 216 1467 huntur,
226 1402 310 1451 cum
324 1378 503 1475 quaeritur
515 1376 701 1474 quomodo
713 1377 962 1465 attrahuntur,
977 1376 1108 1471 quibus

53 1490 240 1564 nimirum
256 1491 375 1578 uncis,
393 1491 526 1586 quibus
543 1488 704 1563 funibus.

112 1600 163 1676 A.
189 1602 331 1676 Vellem
348 1603 460 1676 etiem
477 1603 548 1675 hoc
565 1602 671 1690 scire,
685 1625 751 1676 cur
768 1613 867 1675 terra
878 1601 1021 1675 facilins
1037 1601 1108 1673 hoc

57 1726 171 1790 motu
188 1739 312 1789 aerem
328 1716 448 1812 rejicit
465 1738 575 1811 quam
592 1715 663 1788 alia
679 1739 846 1813 corpore.

117 1828 169 1903 B.
196 1827 333 1902 Globns
353 1828 497 1902 telluris
523 1839 624 1901 totus
641 1851 725 1901 cum
751 1829 799 1902 sit
820 1828 897 1901 neri
921 1826 1110 1923 undequa-

60 1965 138 2040 que
171 1940 382 2038 contiguns,
412 1941 503 2015 nihil
547 1941 699 2037 rejicere
732 1964 816 2015 nere
845 1941 946 2037 prius
975 1951 1109 2036 potest.

63 2055 243 2150 Reiectus
277 2052 386 2127 simul
419 2076 543 2126 aerem
572 2053 781 2150 proximum
814 2053 957 2126 facilius
985 2064 1108 2125 movet

62 2191 178 2266 qnem
195 2165 296 2240 eliud
313 2189 459 2263 corpus,
478 2165 731 2263 qualecunque
754 2165 901 2239 illudio
923 2188 1008 2238 aere
1031 2188 1109 2237 esse

63 2279 288 2376 contigerit:
315 2290 511 2375 propterea
528 2278 628 2374 qnod
645 2278 777 2351 similia
795 2301 952 2374 corpore
974 2277 1110 2351 similes

65 2404 192 2467 motus
206 2390 378 2465 facillime
395 2391 600 2487 recipiunt:
619 2391 927 2487 quemadmodum
944 2389 1110 2465 accidere

65 2504 235 2580 videmus
253 2505 290 2577 in
304 2503 452 2578 chordis
463 2503 618 2576 duarum
635 2503 796 2601 lyrarum
807 2504 975 2578 similiter
984 2505 1110 2592 tensis,

67 2618 133 2692 nbi
166 2616 313 2713 pulsata
341 2640 427 2704 nna,
455 2617 664 2689 concutitur
694 2617 767 2690 ulia
796 2616 965 2691 similiter
994 2630 1112 2706 tensa,

66 2730 140 2805 etsi
168 2753 244 2802 non
271 2729 450 2825 proxime.
503 2728 642 2802 Praeter
668 2753 789 2803 nerem
814 2742 951 2818 autem,
978 2753 1112 2826 corpus

67 2842 211 2917 nullum
226 2854 284 2915 est
300 2841 399 2938 quod
411 2854 553 2915 motum
570 2865 645 2914 non
655 2843 789 2916 habent
806 2842 976 2938 aliquem,
988 2866 1113 2938 quam·

67 2979 180 3053 quom
202 2954 434 3043 invisibilem,
457 2954 618 3050 partium
646 2978 796 3027 suarum
823 2956 1022 3042 internum,
1039 2978 1113 3049 quo

67 3080 204 3143 natura
220 3068 300 3163 ejus
317 3066 392 3140 sive
414 3067 555 3163 species
583 3068 630 3140 ab
658 3067 823 3139 omnium
850 3066 1005 3139 aliorum
1030 3090 1112 3139 cor-

67 3204 203 3279 porum
220 3179 363 3252 noturis
379 3191 418 3251 et
431 3177 621 3275 speciebus
639 3178 878 3275 distinguitur
900 3191 939 3252 et
964 3177 1113 3275 dignos-

70 3295 184 3368 citur.

119 3403 168 3480 A.
196 3405 291 3481 Quae
304 3415 486 3478 causaest
506 3403 605 3500 qnod
619 3405 746 3500 gravia
763 3404 931 3502 quaedam
945 3429 1112 3503 corpore,

68 3532 114 3595 ut
129 3518 265 3615 ligneo,
291 3515 357 3589 sed
374 3540 466 3589 cava
481 3528 521 3588 et
538 3517 678 3613 replete
703 3516 853 3614 pulvere
885 3520 1024 3592 nitrato
1051 3519 1113 3591 nli-

68 3630 290 3730 qnantnlnm
307 3629 544 3703 humectato:
572 3653 793 3726 quamquam
809 3631 963 3726 lignum,
981 3645 1019 3704 et
1035 3632 1113 3729 pul·

69 3748 127 3820 vis
153 3743 228 3833 ille,
251 3754 289 3817 et
317 3742 461 3831 humor,
487 3744 610 3816 omnin
636 3751 710 3817 siut
736 3745 882 3840 gravia:
910 3745 1115 3818 ascendunt

70 3872 197 3932 tomen
215 3855 322 3929 simul
339 3868 449 3952 atque
465 3855 585 3952 pulvis
599 3880 774 3930 accensus
792 3856 865 3930 sit?

121 3970 172 4044 B.
200 3969 342 4044 Eadem
359 3993 441 4066 quae
458 3982 644 4043 sustentat
666 3972 850 4044 hominem
869 3982 1058 4044 natantem
1076 3972 1114 4042 in

71 4084 236 4157 domine.
289 4083 385 4156 Nam
409 4083 521 4156 homo
538 4095 718 4157 sustentat
743 4108 793 4173 se,
811 4109 943 4180 squam
960 4083 1114 4181 pedibus

71 4195 297 4294 repellendo.
350 4195 471 4293 lgnita
498 4219 537 4269 se
566 4196 727 4271 allevant
757 4196 965 4295 repellendo
992 4218 1114 4268 aerem

72 4313 233 4385 flemme.

123 4427 173 4496 A.
199 4423 274 4496 Vns
290 4445 446 4509 aeneum,
465 4422 522 4494 vel
549 4446 594 4495 cx
618 4423 690 4496 elia
708 4423 862 4496 materia
876 4423 993 4517 gravi,
1010 4433 1116 4494 nata·

72 4539 139 4627 bit,
155 4536 188 4610 si
203 4537 253 4609 sit
269 4559 426 4631 superne
444 4559 616 4608 concava.
671 4537 791 4610 Quam
806 4535 854 4608 ob
872 4533 1039 4608 oensem?

123 4650 172 4723 B.
201 4649 259 4724 lto
274 4647 435 4744 quidem,
452 4648 483 4721 si
501 4647 548 4720 sit
568 4649 656 4722 setis
680 4671 854 4737 concava,
871 4658 914 4721 ut
936 4659 1114 4742 qnantum
