2618 5092
383 662 437 714 nn
456 661 628 714 unauna
646 660 783 714 anam.
1031 647 1104 712 263

63 829 207 926 plenum
224 827 357 902 dicunt
374 829 473 925 quod
490 853 646 902 vacuum
663 838 807 925 putant.
851 826 1013 901 Procedo
1027 829 1105 923 jam

62 942 105 1015 ad
129 941 386 1039 experimenta
411 942 495 1027 alia,
523 953 561 1016 et
589 941 759 1032 referam,
789 940 921 1038 primo,
949 964 993 1014 ea
1022 964 1105 1037 quae

60 1055 134 1152 igni
167 1052 346 1128 accidunt
374 1054 516 1128 incluso
549 1054 588 1127 iu
623 1054 835 1150 recipiente.
905 1054 1105 1127 Candelam

59 1168 250 1242 ardentem
268 1168 469 1241 immissam
486 1168 526 1241 in
542 1167 734 1264 recipiens
761 1180 800 1241 et
824 1168 864 1240 in
882 1166 1006 1240 medio
1024 1167 1104 1262 ejus

58 1281 295 1378 pendentem,
305 1293 513 1378 postquam,
531 1281 656 1355 clauso
676 1283 754 1377 ejus
772 1281 924 1370 orificio,
942 1292 1104 1375 coeptum

58 1407 112 1467 est
125 1406 315 1468 auctorem
326 1394 567 1490 reciprocare,
578 1394 676 1468 iutra
689 1395 850 1491 spatium
863 1393 1105 1467 semi-minuti

58 1511 159 1584 horae
175 1510 338 1583 vidimus
355 1512 567 1585 extinctam.

106 1626 159 1698 A.
186 1622 389 1697 Candelam
415 1623 608 1697 ardentem
633 1622 830 1698 demissam
859 1626 898 1696 in
925 1621 1105 1711 fodinam,

58 1734 155 1809 unde
176 1735 360 1809 effodiunt
376 1737 554 1809 carbones
570 1746 723 1826 terreos,
743 1760 952 1833 quanquam
978 1735 1106 1807 fodina

59 1871 178 1946 neque
195 1847 321 1922 clausa
337 1861 418 1922 erat
435 1872 554 1944 neque
572 1848 739 1939 obscura,
760 1850 826 1923 sed
849 1859 890 1922 ut
914 1850 952 1920 in
970 1847 1106 1942 aquula

60 1985 139 2057 quae
162 1962 204 2036 in
226 1962 342 2036 fundo
367 1974 447 2036 erat
470 1975 660 2058 tamquam
684 1962 724 2035 in
751 1963 899 2058 speculo
916 1962 1105 2034 videretur

60 2073 206 2164 coelum,
225 2087 349 2148 tamen
368 2076 446 2147 sine
463 2075 572 2148 ullius
591 2075 748 2149 suctoris
766 2099 879 2171 opera
900 2075 1104 2163 candelam,

61 2187 223 2284 inquam,
237 2199 435 2284 antequam
452 2188 620 2284 pervenit
637 2188 685 2261 ad
698 2187 857 2261 mediam
870 2186 1104 2261 altitudinem

60 2299 207 2390 iodinae,
231 2301 330 2374 intra
356 2301 516 2398 spatium
544 2302 786 2375 semi-minuti
815 2302 917 2375 horae
938 2300 1014 2373 vidi
1041 2323 1105 2372 ex-

61 2414 227 2487 tinctam.

106 2525 155 2602 B.
184 2527 370 2601 Carbones
404 2527 547 2624 ligneos
581 2529 676 2602 bene
710 2553 884 2603 accensos
914 2527 1104 2615 demissos,

63 2651 103 2712 ut
119 2639 293 2729 diximus,
307 2640 346 2713 in
364 2641 554 2737 recipiens,
568 2641 615 2715 ab
632 2641 738 2716 initio
756 2641 934 2717 auctionis
945 2642 1104 2714 vidimus

65 2753 187 2825 statim
204 2753 454 2848 languescere,
472 2764 510 2826 et
527 2766 614 2849 post
639 2755 798 2850 spatium
815 2755 926 2828 trium
943 2754 1105 2827 minuto-

63 2875 143 2939 mm
160 2889 236 2939 non
255 2865 418 2961 potuisse
434 2865 559 2961 ignem
575 2866 731 2962 amplius
747 2867 876 2941 videri.

108 2978 159 3052 A.
187 2978 377 3052 Carbones
405 2991 547 3052 terreos
576 2978 671 3052 bene
699 3003 884 3069 accensos,
914 2978 1104 3068 demissos,

62 3101 101 3164 nt
115 3091 230 3165 modo
249 3090 336 3180 dixi,
354 3092 392 3164 iu
411 3091 566 3165 eandem
583 3091 759 3181 fodinam,
777 3091 854 3165 vidi
879 3092 998 3188 primo
1026 3092 1105 3163 lan-

63 3227 246 3299 guescere,
265 3202 398 3277 deinde
416 3204 517 3277 intra
539 3205 696 3300 spatium
723 3205 835 3278 trium
862 3204 920 3276 vel
946 3217 1105 3300 quatuor

63 3318 287 3391 minutorum
322 3340 396 3389 non
430 3318 593 3413 potuisse
624 3318 747 3414 ignem
778 3316 896 3390 videri
923 3317 1104 3412 amplius;

63 3442 223 3505 attamen
250 3430 350 3502 intra
374 3430 594 3503 tantundem
618 3430 807 3526 temporis,
835 3453 855 3502 e
884 3428 1011 3503 fodina
1041 3454 1105 3502 ex-

64 3552 211 3633 tractos,
231 3567 357 3617 rursus
375 3544 577 3640 ignescere.

106 3657 157 3731 Β.
185 3655 353 3752 Contigit
387 3657 486 3729 idem
521 3656 740 3730 carbonibus
777 3679 924 3753 quoque
955 3657 1102 3741 nostrie,

65 3766 222 3843 immisso
239 3792 336 3842 aere.
390 3769 529 3842 Mirum
555 3769 595 3842 ui
621 3769 721 3842 illam
744 3768 908 3843 fodinam
932 3771 1104 3845 machina

65 3896 185 3957 nostra
201 3883 378 3956 imitetur.

108 3997 158 4070 Α.
187 3995 318 4069 Procul
337 3995 448 4068 dubio
466 3994 645 4083 imitatur,
663 3995 735 4067 nisi
758 3995 857 4091 quod
873 3995 1010 4068 fodinae
1031 3996 1103 4069 illae

66 4128 132 4182 uon
149 4109 252 4182 omni
270 4121 435 4205 tempore
454 4112 746 4204 experimentum
763 4110 947 4183 exhibent.
991 4110 1104 4181 Utro·

66 4216 168 4318 bique
186 4223 286 4296 enim
307 4222 491 4295 extinctio
521 4224 617 4319 ignis
639 4223 794 4296 eandem
811 4224 924 4296 habet
942 4246 1103 4295 causam.

67 4332 168 4409 Quod
187 4336 240 4409 sic
257 4335 451 4431 intelliges.
504 4337 650 4423 Aerem,
682 4360 790 4433 quem
819 4337 856 4408 vi
881 4359 954 4430 qua
979 4348 1105 4406 suctor

67 4443 100 4520 in
126 4449 295 4546 cylindro
330 4473 433 4522 aeneo
463 4450 670 4523 retractus*
699 4449 844 4545 ingredi
878 4448 979 4543 cogit
1008 4448 1106 4519 inter

372 4636 390 4671 ⁴*
414 4635 463 4696 sic
473 4635 552 4695 Edit.
572 4638 644 4695 1661
662 4647 691 4694 ct
708 4638 792 4694 1668.
