2618 5092
57 834 125 877 ΟΔΡ.
141 836 186 877 111.

42 903 185 938 ἣν

53 961 88 1006 Dc
97 975 176 1007 vacuo.

226 628 299 695 320
501 640 784 697 sucessum
800 638 999 694 rutulos.

225 818 358 896 tectus,
376 830 487 901 quem
509 820 697 883 suctorem
724 806 866 897 dicunt,
896 805 951 881 ita
974 802 1158 901 exquisite
1180 826 1250 879 oon-

226 944 376 1018 gruem,
394 932 438 993 ut
454 944 502 994 ne
519 921 694 995 minimus
710 918 862 1019 quidem
876 941 942 993 uer
961 918 1062 993 iuter
1077 916 1251 993 coriumet

227 1058 277 1107 aes
294 1035 435 1107 intrare
455 1036 514 1126 (ut
532 1036 683 1132 putant)
702 1033 832 1131 possit.

280 1146 329 1220 B.
357 1147 454 1220 Scio.
496 1149 545 1222 Et
561 1172 635 1245 quo
653 1158 779 1222 suctor
803 1142 951 1219 facilius
977 1142 1122 1219 intrudi
1148 1143 1251 1241 pouit,

227 1259 394 1333 foramen
412 1261 598 1356 quoddam
615 1272 672 1335 est
693 1260 733 1335 iu
759 1256 948 1356 superiore
973 1268 1084 1355 parte
1109 1256 1252 1355 cylindri,

227 1396 295 1469 per
312 1372 411 1467 quod
433 1397 497 1447 aer
516 1374 596 1472 (qui
623 1373 781 1449 suctoris
810 1372 1019 1469 ingressum
1042 1370 1180 1469 alioqui
1201 1371 1253 1445 in·

228 1484 355 1581 pedire
381 1487 521 1582 posset)
551 1487 753 1561 emittatur.
808 1482 921 1560 Quod
941 1483 1113 1559 foramen
1134 1484 1253 1582 aperire

228 1610 382 1693 possunt
408 1610 446 1671 et
479 1598 651 1673 claudere
685 1598 831 1696 quoties
864 1620 953 1671 usus
985 1598 1162 1693 postulat
1204 1598 1255 1672 list

229 1710 340 1782 etiam
358 1711 396 1783 in
413 1711 572 1807 cylindri
589 1712 671 1786 cavi
687 1734 835 1785 recessu
855 1733 1000 1784 summo
1028 1710 1140 1785 dutus
1154 1710 1254 1786 aditus

229 1823 307 1896 aeri
325 1823 365 1895 in
388 1825 541 1921 globum
568 1849 784 1915 concavum,
811 1824 992 1898 vitreum:
1025 1848 1139 1919 quem
1166 1824 1255 1899 edan

228 1935 370 2009 aditum
382 1937 561 2013 clavicula
570 1940 746 2013 obturare
759 1949 798 2011 et
810 1937 954 2034 aperire
965 1950 1126 2033 possunt
1136 1938 1256 2035 quotics

227 2049 369 2124 volunt.
400 2051 570 2149 Denique
583 2052 621 2125 in
633 2052 746 2148 globo
760 2051 879 2125 vitreo
892 2072 1038 2123 summo
1057 2050 1256 2148 relinquitur

227 2160 393 2236 foramen
411 2164 500 2237 setis
518 2164 694 2261 amplum,
710 2162 908 2255 (clavicula
923 2161 1015 2235 item
1032 2162 1257 2237 claudendum

229 2286 267 2349 et
283 2275 579 2371 recludendum),
597 2277 696 2350 utin
714 2276 816 2350 illum
831 2300 915 2372 quae
927 2274 1060 2350 volunt
1079 2276 1257 2350 immittere

227 2390 371 2485 possint
388 2390 601 2487 experiendi
619 2414 741 2463 causa.
798 2390 894 2462 'lota
923 2389 1086 2484 denique
1112 2391 1258 2463 machina

228 2526 305 2575 non
333 2503 488 2577 multum
521 2504 657 2591 differt,
688 2504 718 2575 si
752 2514 924 2576 naturum
954 2503 1034 2597 ejus
1070 2516 1258 2600 spectes‚a

229 2614 395 2710 sclopeto
414 2640 458 2687 ex
487 2616 661 2688 sambuco
686 2640 759 2711 quo
785 2615 890 2711 pueri
914 2638 954 2687 se
978 2614 1169 2690 delectant
1193 2616 1258 2688 imi·

229 2739 351 2800 tantes
374 2727 558 2824 sclopetos
584 2728 754 2815 militum,
779 2727 851 2800 nisi
876 2727 974 2824 quod
1008 2731 1131 2826 major
1154 2731 1209 2817 sit,
1231 2738 1259 2801 et

230 2841 368 2933 majore
385 2850 465 2912 arte
482 2839 694 2930 fabricatus
710 2853 748 2914 et
761 2840 876 2936 pluris
894 2852 1053 2914 constet.
1087 2842 1260 2916 Suetoreu

229 2966 354 3027 autem
372 2953 568 3026 intrudunt
585 2966 621 3027 et
640 2953 823 3027 revellunt
843 2953 946 3049 (quia
963 2954 1000 3026 vi
1026 2978 1165 3051 magna
1187 2976 1261 3051 opus

229 3068 302 3159 est)
319 3091 395 3138 non
408 3067 577 3139 menibus
589 3091 744 3163 semper,
758 3066 823 3139 sed
836 3067 968 3162 saepius
982 3068 1138 3142 cochlea
1149 3069 1261 3142 ferrea.

231 3179 305 3253 Sed
330 3179 419 3274 quid
442 3179 543 3251 vides
571 3191 612 3252 tu
639 3178 677 3250 in
704 3191 809 3252 tauto
832 3191 1015 3275 apparatu
1045 3194 1086 3255 et
1112 3182 1262 3270 artificio,

231 3294 331 3390 quod
348 3292 481 3388 probet
499 3292 579 3365 dari
598 3292 781 3365 vacuum?

282 3407 331 3480 A.
359 3405 486 3497 Video,
506 3406 536 3477 si
559 3417 685 3479 suctor
702 3407 875 3479 trudatur
899 3431 1018 3503 usque
1048 3408 1100 3482 ad
1126 3410 1264 3484 mudum

231 3518 387 3615 cylindri
404 3517 508 3606 aenei,
523 3519 814 3614 obturenturque
827 3519 1022 3609 foramina,
1037 3537 1266 3619 sequuturum

231 3655 323 3720 esse,
358 3630 446 3703 dum
480 3642 605 3704 suctor
638 3632 850 3721 retrahitur,
881 3632 1005 3706 locum
1038 3635 1080 3708 in
1116 3637 1267 3734 cylindro

232 3768 322 3817 cavo
353 3743 522 3816 relictum
549 3744 627 3817 fore
660 3769 828 3818 vacuum.
879 3746 989 3835 Nam,
1019 3760 1063 3821 ut
1092 3750 1130 3823 iu
1161 3752 1268 3825 locum

233 3859 311 3953 ejus
330 3856 503 3929 succedat
519 3881 594 3945 aer,
613 3869 670 3930 est
687 3858 922 3953 impossibile.

285 3969 333 4042 B.
362 3970 481 4042 Credo
507 3971 676 4066 equidem
697 3984 881 4044 suctorem
908 3996 992 4045 cum
1018 3973 1179 4070 cylindri
1202 3974 1270 4048 cari

233 4083 425 4179 superficie
457 4084 546 4156 satis
580 4095 683 4157 arcte
712 4085 897 4158 cohaerere
931 4085 980 4159 ad
1012 4088 1271 4162 excludendum

233 4211 397 4270 stramen
411 4209 449 4269 et
459 4197 633 4293 plumam,
646 4223 720 4271 uon
733 4210 855 4271 autem
870 4222 991 4272 aerem
1003 4225 1126 4297 neque
1139 4227 1270 4300 aquam.

234 4311 367 4405 Cogita
394 4310 493 4382 enim
522 4311 620 4405 quod
644 4335 719 4383 nou
747 4311 800 4384 ita
823 4324 995 4385 accurate
1020 4327 1270 4411 congruerent,

235 4427 323 4521 quin
345 4425 590 4520 undequaque
614 4425 853 4499 interstitium
876 4426 1152 4524 relinqueretur
1169 4453 1272 4528 quau-

233 4549 312 4611 tum
330 4538 535 4611 tenuissimi
558 4538 679 4635 capilli
698 4564 815 4636 capax
832 4556 938 4615 esset.
993 4542 1173 4620 Retracto
1193 4567 1270 4640 ergo
