2618 5092
272 657 586 713 uarasusrrca
606 659 848 712 nontsrun.
1011 637 1078 720 177

59 848 217 923 grummo,
247 829 354 925 cujus
379 850 492 901 unum
519 827 615 901 latus
645 839 773 921 tanget
801 824 1012 923 parabolam
1039 825 1077 896 in
1110 850 1244 890 nrsnooo

59 939 178 1013 vertice
193 951 234 1015 et
249 939 364 1015 faciet
375 940 550 1036 angulum
567 964 651 1013 cum
669 939 859 1013 diametro.
891 937 1078 1034 Angulum
1117 931 1246 1035 „222-

60 1050 145 1126 illum
154 1052 268 1127 ducta
277 1064 382 1127 recta
393 1076 520 1127 secans
532 1053 667 1126 lineam
677 1051 923 1149 parabolicam
933 1050 1078 1140 alicubi,

61 1161 181 1240 dividat
197 1164 379 1255 bifariam,
393 1176 432 1239 et
448 1165 675 1262 compleatur
685 1164 1077 1263 parallelogrammum,

62 1277 147 1372 cnjus
162 1301 258 1352 unns
273 1277 430 1376 angulus
448 1288 505 1352 est
522 1279 561 1351 iu
578 1279 728 1367 vertice,
744 1278 837 1351 alter
853 1289 909 1350 est
925 1277 964 1349 iu
981 1277 1079 1350 linea

62 1392 263 1486 parabolica.
318 1393 400 1466 Erit
425 1403 550 1466 autem
582 1391 960 1488 parallelogrammum
988 1390 1078 1464 illud

62 1504 106 1577 rel
119 1505 335 1601 quadratum
352 1505 411 1579 vel
426 1506 611 1580 rhombus.
653 1505 775 1600 Hujus
792 1504 888 1578 latus
905 1517 961 1578 est
974 1527 1080 1600 para-

62 1629 169 1692 ustor.
221 1618 418 1708 Meditare,
430 1618 593 1714 inquam,
606 1617 679 1692 hoc
695 1628 830 1705 tecum,
840 1628 880 1689 ct
891 1616 1018 1713 judica
1030 1640 1078 1688 au

61 1742 248 1825 purameter
274 1731 391 1828 magis
421 1731 470 1805 sit
499 1731 714 1827 imaginaria
746 1754 854 1827 quam
887 1729 1077 1818 diameter,

16 1936 18 1941 Ι
62 1842 105 1917 rel
117 1844 186 1919 alia
202 1845 343 1942 quaevis
359 1844 467 1919 linea.
518 1844 589 1917 Est
611 1856 734 1917 autem
752 1844 887 1940 ubique
905 1852 947 1915 ut
963 1843 1077 1915 iuter·-

61 1965 148 2053 apta
156 1957 337 2031 diameter
351 1955 400 2030 ad
415 1955 526 2041 illam,
537 1956 589 2029 ita
605 1955 667 2028 illa
684 1955 732 2028 ad
750 1954 946 2028 ordinatim
964 1956 1080 2052 appli-

60 2080 172 2143 catam.
226 2070 272 2144 Id
289 2069 388 2167 qnod
405 2054 590 2143 Wallisius
607 2068 776 2142 enuntiat
793 2091 859 2165 per
876 2068 1080 2166 quantuplo

60 2185 159 2278 notior
175 2193 235 2258 est
252 2182 312 2256 vel
321 2183 451 2271 minor,
469 2192 552 2272 ete,
570 2181 752 2278 tantopln,
770 2190 860 2254 eto:
879 2204 960 2275 quae
972 2202 1079 2252 voces

58 2294 280 2395 Μαρίαν»
296 2307 334 2369 et
346 2293 551 2392 tantoplum
564 2318 683 2391 neque
693 2294 833 2369 Latinae
851 2305 948 2380 suut,
959 2314 1079 2386 neque

58 2409 234 2506 quicquam
250 2408 470 2504 significant.

96 2520 139 2597 B.
164 2522 285 2597 Miror
301 2531 403 2595 certe
415 2521 544 2594 alienae
554 2521 764 2595 Latinitatis
777 2521 1079 2617 reprehensorem

57 2644 116 2709 uu
130 2658 265 2724 acrem,
280 2635 390 2709 toties
406 2635 561 2709 barbare
577 2635 799 2708 scribentem
816 2657 890 2707 non
908 2633 1076 2709 sensisse.

95 2749 138 2824 Α.
163 2749 260 2824 Fieri
285 2759 409 2846 potest
429 2759 473 2822 ut
487 2742 630 2844 lingua
652 2748 794 2822 latiuae
819 2771 926 2821 usum
955 2749 1077 2844 aliqua

56 2882 91 2933 er
118 2873 223 2960 parta
255 2861 531 2937 labefactaverit
563 2861 727 2936 studium
756 2861 910 2935 nimium
941 2864 1077 2959 linguae

57 2972 216 3050 Arabica.

95 3087 139 3164 B.
163 3088 249 3162 Nou
266 3098 369 3185 puto.

95 3200 139 3275 Α.
164 3202 336 3277 Proximo
352 3201 445 3291 loco,
467 3201 669 3296 quamlibet
693 3199 904 3297 parabolam
926 3200 1076 3273 cuilibet

57 3333 134 3388 cono
152 3315 273 3413 aptari
297 3338 417 3412 posse,
438 3316 545 3410 (puto
572 3315 682 3388 uam*
713 3313 898 3408 obscure),
926 3311 1076 3385 demon-

58 3435 155 3513 stran
190 3451 313 3525 neque
339 3428 437 3502 cuim
461 3451 557 3501 nova
582 3452 641 3500 res
669 3438 736 3515 est,
765 3449 884 3521 neque
908 3425 1075 3499 difficilis.

59 3533 309 3636 Propositioues
334 3540 460 3614 decem
487 3541 596 3635 hujus
620 3541 736 3636 partis
762 3540 890 3635 primae
913 3539 1075 3634 reliquae,

58 3648 165 3727 ubido
188 3653 360 3751 ellipticis
383 3666 420 3726 et
447 3651 691 3749 hyperbolicis
707 3651 1020 3749 pyramidoidibus
1039 3667 1077 3724 et

59 3766 175 3856 cuneis,
192 3765 292 3840 etde
309 3764 489 3861 ellipsinm
507 3779 545 3838 ct
561 3765 844 3862 hyperbolarum
861 3767 1076 3861 parametris

59 3868 279 3975 imginariis
296 3877 471 3973 loquitur,
489 3877 618 3950 eodem
636 3878 805 3951 laborant
822 3878 925 3952 vitio.
964 3879 1075 3952 Vides

60 4005 130 4083 ugo
144 3989 328 4063 sectiones
345 3989 503 4078 conicas,
521 4000 702 4085 quatenus
719 3990 757 4062 in
780 3991 859 4086 ipso
881 4014 974 4063 cono
992 4014 1077 4063 con-

62 4095 229 4192 sideratas,
243 4125 354 4198 quam
371 4126 500 4199 parum
517 4103 700 4199 intelligit.
755 4102 864 4176 Quod
879 4105 1012 4176 attinet
1028 4103 1076 4176 ad

63 4216 372 4291 considerationem
384 4215 582 4289 earundem
595 4217 798 4290 sectionum
812 4229 917 4289 extra
929 4239 1074 4301 conum,

64 4330 228 4405 sonuit
245 4353 340 4426 quae,
358 4330 445 4425 quia
464 4353 539 4402 uon
562 4330 729 4425 intelligi,
757 4328 973 4425 reprehendi
1001 4351 1075 4398 uon

210 4566 230 4603 ⁸
249 4564 331 4625 Edit.
348 4567 426 4626 1660
438 4574 469 4626 et
484 4567 570 4638 1668,
585 4584 663 4623 narn.
706 4563 817 4637 Quaere,
832 4563 910 4622 non?

141 4680 233 4735 Vola.
248 4681 307 4734 tv,
946 4679 973 4731 N
