2618 5092
411 663 748 719 GEDMETRARUM.
1026 647 1095 712 441

100 833 159 906 le
188 830 263 906 hoc
293 853 417 905 errore
443 830 610 905 nascitur
637 829 742 919 alins,
766 851 909 925 nempe,
938 824 1101 900 radicem
1125 852 1166 894 cr

54 945 198 1020 numeri
229 945 399 1042 quadrati
433 969 511 1019 esse
542 943 712 1041 quadrati
744 941 960 1039 geometrici
992 939 1100 1013 latus.
1130 924 1166 1023 D}

56 1059 247 1156 Siquidem
265 1059 365 1132 enim
381 1059 638 1156 multiplicatio
656 1057 800 1130 numeri
816 1056 998 1154 producat
1015 1078 1101 1150 qua·
1129 1059 1166 1088 '²¹¹¹

53 1173 203 1247 drotum
220 1173 500 1269 geometricum,
517 1172 723 1245 necessario
743 1181 916 1266 sequetur
939 1168 1103 1241 radicem

56 1285 200 1360 numeri
216 1285 308 1359 facti
322 1309 401 1359 esse
418 1287 538 1382 ipsum
555 1286 664 1359 latus.
703 1284 791 1358 Non
803 1282 980 1356 videbant
992 1281 1102 1369 enim,

56 1400 93 1473 in
121 1399 290 1474 numeris
316 1399 537 1496 quadratum
563 1392 759 1472 numerum
782 1408 818 1469 et
844 1396 1007 1470 radicem
1024 1396 1103 1490 ejus

57 1535 137 1585 esse
156 1513 271 1585 ambo
298 1511 499 1585 earundem
517 1536 641 1586 rerum
657 1534 831 1584 numeros
846 1537 855 1583 ε
890 1522 928 1584 et
947 1508 1103 1607 proinde

57 1625 221 1698 radicem
250 1625 395 1698 numeri
421 1636 660 1723 quotcunque
683 1624 946 1721 quadratorum
976 1646 1105 1696 nurne-

57 1761 139 1811 rnm
156 1761 238 1811 esse
251 1738 365 1811 etiam
382 1737 658 1834 quadratorum,
672 1736 984 1835 quemadmodum
1000 1736 1105 1810 radix

58 1861 206 1925 centum
227 1850 418 1924 hominum
435 1865 521 1924 sunt
537 1851 666 1924 decem
683 1849 862 1922 homines.

107 1965 300 2038 Postremo
327 1963 474 2060 decepit
495 1963 590 2053 illos,
616 1961 716 2059 quod
737 1962 892 2035 eandem
918 1986 998 2034 rem
1025 1983 1106 2033 esse

57 2077 226 2174 putarint
243 2077 340 2149 latus
357 2076 528 2173 quadrati
547 2074 765 2173 geometrici
781 2088 821 2148 et
837 2075 1001 2148 radicem
1018 2097 1107 2171 qua-

59 2190 158 2265 drati
183 2191 339 2264 numeri.
401 2190 532 2286 Itaque
555 2189 720 2286 regulam
744 2189 916 2286 algebrae,
940 2212 1023 2285 quae
1049 2210 1107 2259 re-

59 2304 148 2400 gula
164 2315 222 2376 est
238 2326 330 2399 pure
347 2302 592 2390 arithmetica,
614 2301 663 2376 ad
678 2301 921 2399 geometriam
938 2301 1108 2398 imperite

59 2417 300 2513 applicantes,
321 2438 366 2488 ex
391 2415 687 2512 ingeniosissima
713 2413 956 2489 reddiderunt
981 2415 1110 2489 absur-

62 2530 261 2619 dissimam,
291 2552 359 2627 pro
387 2529 497 2615 linea,
523 2529 717 2627 quadrato,
742 2541 782 2603 et
804 2530 912 2615 cubo,
929 2529 1110 2602 unitatem

61 2644 268 2740 promiscue
308 2652 561 2738 supputantes.
630 2643 797 2740 Exempli
831 2643 981 2739 gratia:
1025 2665 1110 2715 cum

61 2758 270 2855 scripsisset
297 2756 460 2853 quidam,
478 2754 509 2829 si
526 2755 597 2828 AD
620 2767 782 2851 ponatur
804 2754 918 2853 dupla
934 2755 1015 2843 DV,
1032 2767 1111 2828 eta

62 2882 143 2946 tota
159 2870 228 2943 AV
245 2869 460 2943 detrahatur
476 2869 538 2942 AS
555 2868 678 2941 media
703 2868 991 2965 proportionalis
1014 2867 1111 2940 inter

61 2985 161 3080 ipsas
178 2983 248 3056 ΑΙ)
268 2994 306 3055 et
332 2981 412 3070 DV,
439 3004 522 3077 quae
551 3005 610 3054 re·
666 3028 682 3061 Α
880 3027 893 3062 ,
973 3026 991 3061 n
1095 3025 1111 3058 v

62 3097 241 3195 linquitur
275 3095 348 3182 VS,
382 3093 453 3167 erit
491 3093 611 3189 major
670 3105 677 3120 ·
881 3097 1112 3125 ·····’-··“

63 3212 222 3285 duarum
239 3207 443 3282 mediarum
460 3205 791 3304 proportionalium
803 3205 902 3278 inter
913 3202 1012 3299 ipsas
1029 3202 1110 3290 AD,

64 3326 152 3398 DV:
178 3322 316 3398 adhoc
333 3320 600 3395 confutandum
618 3321 672 3394 sic
689 3318 931 3394 ratiocinatus
948 3327 1007 3391 est
1028 3339 1113 3412 pro-

62 3439 181 3513 fessor
193 3437 343 3535 quidam
360 3435 575 3531 geometriae
591 3435 780 3532 publicus:

114 3557 138 3591 “
151 3552 314 3624 Ponatur
331 3549 396 3622 DV
417 3548 568 3645 aequalis
596 3557 628 3622 1.
680 3547 749 3620 AD
768 3545 840 3619 erit
858 3555 895 3618 2.
948 3543 1114 3617 Ponatur

65 3666 126 3739 AS
143 3663 268 3737 media
292 3662 578 3760 proportionalis
605 3663 703 3735 inter
719 3659 801 3749 ΑΙ),
819 3658 900 3748 DV,
923 3669 964 3732 et
991 3656 1114 3731 detra-

65 3780 176 3853 hatur
189 3778 237 3850 ab
254 3776 335 3850 AV.
386 3776 630 3873 Relinquetur
646 3775 720 3848 VS.

114 3892 248 3988 “Ergo
265 3890 326 3963 VS
344 3890 494 3987 aequnlis
514 3901 573 3963 est
590 3898 613 3963 3
630 3889 753 3962 minus
770 3897 835 3963 V2.

115 4005 243 4079 “Qum
269 4003 515 4099 multiplicata
536 4002 632 4076 inse
650 4001 790 4090 cubice,
818 4000 910 4077 facit
926 4008 975 4073 45
994 3997 1117 4071 miuus

79 4125 223 4206 aetla,
240 4115 340 4214 quod
357 4117 477 4189 minus
495 4126 552 4190 est
574 4139 684 4212 quam
708 4127 869 4213 quatuor
886 4113 971 4188 cubi
988 4136 1011 4185 a
1029 4112 1117 4184 DV:

65 4232 154 4328 quia
168 4240 220 4305 45
238 4230 693 4326 minusd1681,aequnles
722 4241 811 4303 sunt
835 4238 995 4326 quatuor
1013 4225 1118 4298 cubis

65 4369 90 4420 a
105 4345 187 4420 DV.

117 4458 248 4534 “Cum
266 4480 356 4554 ergo
368 4457 485 4531 cubus
497 4456 545 4530 ab
562 4455 631 4530 ΑΙ)
648 4455 699 4530 sit
715 4465 752 4544 8,
769 4455 843 4531 erit
859 4453 975 4530 cubus
992 4452 1039 4524 ab
1058 4452 1119 4525 VS
