2618 5092
290 668 616 724 murenuurrcm
637 663 881 719 nonrsnnm.
1059 644 1106 722 79

53 837 203 896 διπλασίονι
217 838 377 914 ἀναλογίᾳ
392 835 443 901 ἕως
454 831 487 893 οὗ
499 835 515 892 ὁ
528 834 637 911 uiperae
651 839 754 908 πρῶτος
769 832 895 902 γένηται,
910 831 955 888 καὶ
969 831 984 888 ὁ
998 830 1108 906 σύμπας
1145 847 1292 891 princeos

1208 930 1240 970 11.

54 945 93 1003 iri
105 943 154 1002 τὸν
165 942 294 1022 ἔσχατον
308 938 592 1007 πολλαπλασιασθεὶς
615 942 681 1008 rori}
699 935 770 1005 τίνα,
797 937 982 1011 ὁγινόμενας
1006 937 1109 1000 τέλειος
1147 997 1290 1034 *qd

54 1072 132 1108 em

102 1155 150 1228 Α.
178 1152 287 1229 Quid
309 1150 497 1247 Significat
522 1149 693 1223 hocloco
716 1161 746 1220 ἐν
760 1157 903 1236 ἀναλογίᾳ
923 1148 1109 1219 ι’)ιπλοσιόνιῗ

57 1268 188 1342 Nonne
206 1265 399 1363 significat
425 1263 706 1361 proportionem
730 1263 806 1336 sive
834 1262 1111 1336 similitudinem

58 1381 245 1455 rationum
261 1402 349 1476 quae
376 1377 539 1451 cernitur
565 1376 606 1448 in
629 1376 792 1449 numeris
808 1375 854 1449 ob
875 1375 1030 1449 Euclide
1048 1397 1111 1447 ex-

58 1493 201 1590 positis,
217 1491 397 1565 nimirum
416 1489 486 1578 his,
508 1498 540 1579 l,
558 1498 595 1579 2,
612 1498 649 1577 4,
668 1496 704 1578 8,
727 1498 785 1578 16,
804 1502 894 1562 etc:
922 1489 1111 1585 inquibus

60 1628 234 1680 numerus
250 1603 437 1702 posterior
451 1601 585 1699 prioris
602 1625 746 1698 semper
758 1615 816 1675 est
830 1601 987 1698 duplus?
1015 1601 1112 1674 Nam

61 1718 161 1792 side
181 1718 329 1791 ratione
352 1716 433 1812 ipsa
457 1715 645 1810 duplicata
671 1715 950 1812 intelligeretur,
969 1715 1113 1788 numeri

67 1841 151 1922 1,2‚
168 1841 207 1920 4,
227 1838 264 1921 8,
283 1839 341 1918 16,
360 1842 444 1918 etc,
461 1851 536 1902 non
564 1828 681 1924 magis
712 1828 860 1902 dicendi
889 1839 1010 1902 essent
1034 1853 1113 1901 esse

62 1960 92 2018 ἐν
103 1956 251 2036 tunnis
265 1955 433 2024 δισλσσισνι,
451 1965 562 2037 quem
578 1951 608 2030 l,
625 1951 661 2031 3,
672 1950 708 2030 9,
722 1947 783 2030 27,
796 1951 856 2032 81,
871 1953 941 2015 etc.
984 1941 1113 2038 ltaque

64 2055 266 2156 propositio
300 2055 383 2128 haec
416 2054 582 2128 Euclidis
615 2054 661 2127 de
691 2079 845 2129 numero
870 2056 1048 2151 perfecto,
1074 2056 1113 2128 in

65 2170 166 2245 omni
206 2166 467 2266 progressione
502 2167 728 2262 geometrica
762 2191 836 2240 non
872 2168 993 2240 minus
1027 2191 1115 2240 vera

67 2297 173 2373 esset,
188 2306 302 2379 quem
319 2281 359 2354 in
375 2281 632 2377 progressione
649 2281 718 2354 hac
736 2304 803 2377 per
817 2280 1114 2377 duplicationem.

68 2398 225 2472 Necesse
255 2417 346 2492 ergo
381 2406 438 2467 est
467 2405 510 2467 ut
540 2418 630 2468 voce
661 2395 731 2468 hac
761 2406 916 2466 ὃισισσιιιν
946 2417 1034 2467 usus
1068 2393 1116 2466 sit

68 2509 236 2586 Euclides
261 2530 330 2605 pro
360 2506 546 2603 duplicato
577 2531 743 2596 numero,
762 2507 886 2598 idest,
904 2532 972 2604 pro
990 2507 1115 2603 duplo,

69 2648 140 2699 uon
167 2646 238 2721 pro
268 2620 457 2718 duplicato
485 2619 641 2694 ratione.
705 2622 826 2717 Igitur
856 2622 950 2695 ratio
978 2630 991 2694 1
1019 2621 1112 2695 ed2

71 2763 138 2812 non
158 2748 217 2811 est
233 2733 419 2831 subdupla
434 2733 542 2824 ratio,
558 2734 624 2807 sed
640 2736 734 2809 ratio
749 2736 869 2832 simpli
883 2736 932 2809 ad
949 2734 1113 2832 duplum,

70 2849 141 2924 sive
170 2846 335 2924 semissis
360 2845 410 2919 nd
435 2846 646 2943 integrum
680 2872 801 2944 neque
829 2849 984 2938 inverse,
1019 2849 1115 2922 ratio

71 2963 155 3038 lod
176 2969 268 3036 lest
285 2959 382 3033 ratio
400 2958 522 3055 dupla,
543 2959 609 3033 sed
625 2961 721 3034 ratio
740 2962 843 3057 dupli
860 2961 908 3036 ad
931 2962 1114 3057 simplum,

72 3077 141 3151 sive
159 3073 300 3171 integri
316 3072 365 3146 ad
382 3072 581 3147 semissem.

113 3187 162 3263 B.
190 3189 378 3262 Accoratc
394 3185 486 3260 haec.
538 3200 703 3259 Δισλσσίσν
719 3212 808 3284 ergo
828 3187 926 3262 idem
943 3200 999 3261 est
1016 3189 1115 3284 quod

72 3303 214 3402 duplus,
236 3314 282 3375 ut
309 3299 407 3397 apud
432 3300 622 3375 Euclidem
646 3302 766 3399 ipsum
790 3302 921 3396 (Elem.
941 3301 991 3375 iii.
1009 3326 1113 3398 prop.

71 3419 145 3511 20).
184 3415 310 3489 Voces
327 3423 451 3486 nutem
468 3412 684 3512 subduplus,
695 3413 914 3514 subtriplus,
932 3428 1016 3504 etc,
1030 3414 1114 3488 bar·
1137 3464 1140 3470 .

71 3530 165 3605 barae
183 3539 289 3616 sunt,
305 3541 344 3601 et
366 3528 413 3601 ab
439 3527 486 3600 iis
511 3527 685 3617 inventae,
703 3529 778 3625 qni,
795 3553 879 3602 cum
897 3529 936 3602 in
954 3527 1116 3602 tenebris

72 3651 316 3731 versarentur,
334 3639 533 3737 cupiebant
561 3664 711 3737 quoquo
736 3654 887 3738 possent
909 3641 1020 3715 modo
1037 3666 1116 3716 sese

71 3777 300 3852 promovere.
336 3752 628 3851 Ostendistijnm
642 3766 798 3828 δισλσσινν
814 3754 913 3852 opud
927 3756 1118 3830 Euclidem

72 3869 281 3966 significare
314 3867 353 3939 in
387 3866 549 3940 numeris
583 3866 747 3964 duplum.
805 3869 970 3945 Ostende
1005 3871 1117 3944 ctiam

74 3982 168 4078 quod
186 3979 375 4078 significat
399 3977 498 4074 apud
524 3979 683 4053 eundem
708 3982 747 4054 in
775 3964 979 4056 rationibus
997 3982 1117 4079 dupli-

120 4207 166 4281 A.
192 4207 292 4281 Ecce
315 4205 355 4278 in
376 4205 588 4279 definitione
611 4208 793 4282 Elementi
820 4211 938 4306 quinti
962 4210 1116 4296 decima,

80 4319 125 4393 Sle
151 4320 244 4395 dieii
268 4317 465 4393 Euclides:
502 4331 569 4389 ὅταν
596 4330 624 4390 δὲ
651 4336 713 4411 τρία
743 4333 849 4411 μεγέθη
871 4337 1017 4409 ἀνάλογον
1040 4333 1066 4404 ἦ,
1088 4335 1119 4391 τὸ

81 4444 176 4508 πρῶτον
191 4433 259 4511 πρὸς
272 4435 303 4490 τὸ
317 4437 413 4508 τρίτον
427 4429 593 4490 διπλασίονα
608 4435 695 4507 λόγον
709 4433 784 4513 ἔχειν
797 4437 916 4510 λέγεται,
931 4434 996 4511 ἤπερ
1010 4434 1076 4510 πρὸς
1089 4437 1119 4492 τὸ

7 4568 10 4643 3
84 4544 212 4629 εισιρσκ
235 4537 300 4612 ubi
329 4537 509 4611 rationem
532 4537 669 4612 rationi
695 4539 763 4613 sibi
791 4540 922 4636 aequali
943 4539 1118 4624 additam,
