2618 5092
229 622 304 691 336
505 636 789 692 economus
803 635 1004 693 careret.

54 826 124 870 orn.
134 826 166 870 v.
227 804 291 879 ille
305 802 485 901 procedet
501 802 707 881 secundum
724 802 1002 903 longitudinem
1022 800 1185 897 hmine.
1197 826 1259 881 non

41 894 187 1000 ἶιῖ
227 929 272 993 ut
288 930 376 993 aute
390 919 612 1009 tensionem,
627 916 695 995 sed
709 928 756 995 ut
769 928 900 995 oeusoe.
950 916 1083 1017 Atqm
1097 916 1259 1008 indeliet,

62 1018 165 1069 ’Μ
227 1043 282 1124 ut,
300 1033 445 1107 sublato
458 1033 737 1131 impedimento,
752 1030 901 1107 restitui
914 1040 1046 1107 umen
1056 1030 1139 1107 uiue
1149 1028 1261 1107 aden

226 1145 266 1220 vi
282 1169 355 1243 qua
371 1157 459 1221 aute
478 1146 704 1223 tendebatur
719 1168 798 1221 uou
811 1142 944 1243 punit.

278 1258 329 1332 A.
357 1259 416 1333 Ita
432 1268 500 1333 est
551 1259 651 1334 Nam
666 1256 913 1356 ballistaque}
929 1254 1261 1345 diutennmenrit,

228 1381 403 1446 conatum
420 1394 460 1445 se
470 1370 691 1447 restituendi
707 1368 944 1447 debilitatum
959 1368 1119 1447 tandem
1128 1378 1262 1471 propter

226 1485 389 1583 partium
406 1484 658 1561 resistentiam
679 1480 816 1582 perdit
867 1480 944 1557 Sed
965 1482 1016 1557 ab
1038 1482 1115 1559 hoo
1133 1482 1261 1557 intono

227 1596 389 1693 partium
406 1609 513 1671 motu
528 1595 720 1695 reciproco
736 1592 923 1693 quomodo
944 1592 1065 1671 infern
1079 1594 1195 1671 totino
1206 1592 1263 1669 du·

228 1708 377 1785 ritiem?

278 1823 329 1896 B.
356 1822 397 1897 Si
413 1822 567 1897 cuilibet
588 1820 736 1897 illarum
760 1818 827 1897 uui
842 1820 919 1896 vim
940 1820 1197 1919 applicaveris,
1208 1842 1263 1895 nc·

229 1959 332 2011 cesse
348 1947 407 2011 est
420 1946 465 2010 ut
479 1945 604 2033 partes
620 1936 781 2033 reliquus
802 1934 1065 2027 commoreris,
1080 1947 1264 2033 autequam

229 2049 294 2124 illa
309 2074 385 2124 una
401 2048 626 2124 sensibiliter
641 2060 846 2125 moveatur.
895 2050 1037 2125 Totum
1052 2072 1145 2148 ergo
1160 2047 1264 2139 cedet

229 2175 297 2236 aut
312 2162 376 2237 illa
387 2186 472 2260 pars
488 2161 712 2238 sensibiliter
726 2187 804 2239 uon
820 2161 940 2238 cedet.
993 2164 1141 2263 Corpus
1154 2174 1264 2239 auten

230 2275 337 2373 cujus
353 2299 441 2373 para
457 2299 534 2352 non
550 2273 652 2350 cedit
667 2275 739 2351 nisi
761 2274 918 2351 cedente
936 2286 1033 2365 toto,
1051 2274 1186 2351 durum
1206 2284 1264 2349 ert

283 2388 332 2462 Α.
360 2387 526 2486 Corpora
542 2387 636 2462 dura
652 2388 700 2462 ab
717 2388 804 2485 igne
819 2388 1031 2486 liquescunt
1053 2389 1188 2486 aliqua,
1202 2410 1266 2462 non

231 2513 357 2577 tamen
375 2501 510 2575 omnia.
562 2501 672 2575 Unde
688 2500 786 2575 hoc?

282 2615 332 2687 B.
358 2613 565 2687 Durissima
588 2637 745 2711 corpora
771 2614 835 2687 illa
856 2623 957 2700 sunt,
977 2613 1016 2688 in
1041 2615 1175 2712 quibus
1196 2636 1267 2711 par·

233 2728 328 2800 tium
344 2737 468 2800 motus
486 2738 523 2799 et
540 2727 790 2801 velocissimus
803 2738 871 2817 est,
890 2741 930 2801 et
946 2726 1049 2801 iutra
1065 2730 1187 2826 spatia
1199 2729 1267 2802 bre

232 2840 392 2914 vissima.
450 2840 579 2936 ltaque
606 2841 638 2913 si
663 2840 772 2937 ignis,
799 2840 839 2913 in
869 2863 942 2937 quo
970 2851 1095 2915 motus
1121 2842 1269 2940 partium

232 2952 340 3028 valde
357 2952 463 3026 velox
486 2965 555 3041 est,
574 2953 641 3026 sed
661 2953 700 3026 in
723 2953 853 3051 spatiis
875 2954 1092 3049 majoribus,
1110 2956 1199 3031 sotis
1218 2978 1270 3027 ve-

232 3067 384 3142 hemens
401 3067 448 3140 sit
466 3067 514 3140 ad
532 3067 779 3163 superandam
797 3067 880 3141 duri
896 3066 1161 3160 resistentiam,
1170 3067 1271 3143 faciet

232 3193 275 3255 ut
298 3194 424 3278 partes
452 3178 534 3254 duri
561 3192 704 3254 motum
731 3204 839 3256 suum
865 3193 1067 3257 exerceant
1092 3184 1134 3259 in
1157 3180 1271 3280 spatiis

233 3295 445 3391 majoribus,
473 3304 511 3368 et
537 3293 692 3390 proinde
718 3307 762 3368 ut
786 3294 964 3368 resistant
990 3295 1128 3386 minus,
1151 3296 1190 3371 id
1213 3306 1271 3382 est,

233 3407 367 3481 durum
385 3407 586 3482 emollibit:
613 3405 761 3503 quando
778 3418 902 3481 autem
920 3407 960 3481 in
976 3417 1125 3483 tantum
1143 3408 1273 3484 emolli-

232 3532 347 3593 untur
364 3519 469 3609 dura,
485 3531 528 3593 ut
545 3542 612 3593 suo
628 3520 793 3617 ipsorum
809 3519 975 3618 pondere
993 3519 1176 3613 diffluant,
1193 3536 1274 3597 tunc

232 3632 405 3728 liquifieri
423 3631 486 3705 illa
503 3630 672 3706 dicimus.

284 3744 333 3817 A.
361 3744 471 3817 Unde
495 3746 631 3820 accidit
655 3755 698 3819 ut
724 3745 921 3821 durissima
942 3772 1100 3847 qumque
1126 3748 1275 3848 fragilis-

234 3855 327 3930 sima
344 3856 444 3930 sinti

283 3971 333 4044 B.
361 3971 521 4047 Quando
545 3973 678 4046 durum
704 3973 863 4071 aliquod,
887 3974 1048 4071 exempli
1073 3998 1197 4067 causa,
1212 3975 1274 4049 rir-

233 4108 320 4182 gam
336 4083 495 4159 ferream
511 4085 708 4175 flectimus
734 4086 854 4182 spatia
869 4086 909 4159 in
931 4087 1068 4185 quibus
1093 4090 1140 4163 fit
1162 4099 1274 4163 motus

233 4197 296 4271 ille
313 4199 473 4294 partium
487 4223 561 4273 non
575 4223 765 4295 augemus,
776 4212 819 4273 ut
832 4199 924 4273 facit
935 4201 1047 4296 ignis.
1074 4201 1151 4276 Sed
1163 4212 1275 4300 parca

235 4310 325 4385 alias
342 4311 381 4384 in
399 4313 669 4385 convexitatem
696 4312 946 4402 distrahimus,
964 4313 1056 4389 alias
1080 4315 1121 4389 in
1147 4315 1273 4390 carim·

235 4435 312 4496 tem
329 4424 621 4522 comprimimus:
640 4424 752 4520 idque
769 4425 807 4498 in
821 4449 895 4498 uuo
909 4429 1120 4523 praesertim
1133 4439 1269 4527 puncto.

234 4535 280 4610 In
296 4560 369 4633 quo
383 4550 534 4635 puncto,
545 4539 604 4613 vel
617 4539 719 4637 quasi
733 4549 887 4636 puncto,
899 4540 932 4614 si
948 4541 1269 4636 resistentiamga
