2640 5092
333 664 613 717 rsoaunnnrn
632 664 823 718 nursica.
1025 649 1099 717 853

51 830 245 920 terminos,
262 831 332 904 etsi
349 831 443 904 alter
455 832 611 905 alterum
627 855 703 906 non
716 840 932 920 removeret,
943 839 1099 929 uterque
1142 856 1210 899 cir».
1225 856 1280 900 vn

51 956 180 1017 tamen
194 944 376 1017 inveniret
389 945 428 1017 in
439 945 559 1040 seipso
570 945 814 1042 aptitudinem
827 944 1099 1040 satismagnam
1112 924 1286 1043 mm

51 1055 323 1144 retrocedendi,
342 1067 453 1152 atque
471 1057 581 1129 etiam
595 1055 818 1154 reprimendi
831 1056 1004 1154 quicquid
1021 1080 1099 1131 eor·
1111 1048 1256 1110 ”mm
1269 1054 1289 1095 ⁸¹

50 1168 156 1265 poris
187 1193 210 1240 a
239 1180 346 1265 tergo
373 1180 441 1243 est.
493 1170 592 1244 Talis
620 1181 677 1244 est
706 1182 839 1243 natura
863 1169 1098 1259 reflectionis,

52 1294 234 1378 quantum
254 1283 389 1356 attinet
417 1283 466 1357 ad
488 1283 624 1357 lumen.
675 1284 758 1358 Jam
783 1283 815 1355 si
840 1281 934 1356 radii
962 1283 1100 1357 solares

52 1396 205 1491 oblique
221 1395 399 1485 incidant,
416 1400 514 1471 actio
534 1410 655 1471 tamen
674 1396 795 1471 estad
812 1397 1042 1493 superficiem
1059 1397 1099 1471 in

52 1532 167 1606 qnam
180 1508 349 1583 incidunt
364 1510 690 1607 perpendicularis.
734 1510 866 1606 Itaque
884 1509 1005 1606 paries
1021 1510 1099 1584 sive

53 1643 191 1718 corpus
221 1621 466 1718 quodcunque
494 1623 699 1712 reflectens,
723 1622 928 1697 resistendo
956 1636 1099 1696 motum

53 1734 161 1808 illum
182 1734 397 1809 retrovertit
416 1735 781 1832 perpendiculariter,
803 1745 846 1809 ut
867 1734 915 1809 ab
937 1735 1031 1809 Fad
1047 1736 1098 1808 E:

53 1849 122 1924 sed
139 1873 163 1923 a
178 1848 216 1922 ri
239 1873 323 1946 quoe
339 1861 396 1924 est
418 1851 458 1924 in
480 1851 656 1948 parallelo
676 1875 744 1949 per
761 1852 849 1943 ΕΗ,
869 1853 956 1950 quia
977 1865 1100 1927 motus

53 1963 118 2038 illu
134 1963 315 2060 parietem
331 1986 407 2037 non
423 1965 571 2060 premit,
588 1965 680 2038 nihil
703 1964 835 2039 aufert.
886 1966 1010 2063 Atque
1027 1966 1099 2039 hoc

54 2088 168 2175 paeto
185 2075 259 2149 duo
275 2075 328 2149 illi
351 2087 484 2165 motus,
501 2101 658 2174 quornm
679 2077 773 2150 alter
794 2088 850 2152 est
870 2076 918 2151 ab
940 2078 970 2152 F
990 2078 1038 2152 ad
1055 2079 1098 2168 E,

54 2189 150 2263 alter
165 2189 214 2263 ab
230 2189 261 2262 Ε
278 2188 327 2262 ad
344 2189 395 2277 H,
412 2202 640 2287 componunt
655 2215 771 2264 unum
788 2201 928 2265 motum
946 2191 983 2264 in
997 2202 1100 2265 recta

55 2303 146 2391 GH,
164 2325 247 2399 quae
262 2301 353 2376 facit
375 2304 551 2400 angulum
574 2328 661 2379 cum
680 2304 749 2378 BG
766 2304 942 2402 aequalem
961 2305 1098 2401 angulo

55 2414 268 2490 incidentia
285 2416 398 2490 FGE.

108 2527 184 2603 Sed
200 2529 238 2601 in
257 2529 504 2625 percussione,
523 2530 640 2625 qualis
654 2542 711 2604 est
727 2544 849 2605 motus
865 2531 951 2628 pilae
969 2541 1100 2606 contra

57 2641 252 2738 parietem,
272 2643 561 2740 quamprimum
584 2643 660 2740 pila
682 2645 940 2741 repercutitur,
957 2655 1102 2742 partem

56 2754 263 2828 velocitatis
292 2778 369 2829 snae
396 2756 545 2841 amittit,
573 2769 775 2854 vergetque
798 2758 845 2832 ad
872 2770 1008 2832 terram
1034 2782 1100 2831 suo

55 2867 232 2964 pondere.
284 2866 342 2940 lta
359 2879 401 2941 ut
422 2868 549 2964 anguli
567 2892 658 2963 quos
674 2869 814 2944 faciunt
842 2871 1045 2945 incidentes
1063 2882 1103 2944 et

57 2981 276 3077 repercussi,
300 2981 458 3078 aequales
481 3004 561 3055 esse
586 3005 663 3055 non
687 2983 841 3080 possint,
858 2985 930 3057 nisi
954 3007 1101 3057 mensn-

57 3104 186 3167 rentur
214 3115 330 3190 prope
359 3105 540 3190 punctum
568 3095 720 3190 parietis
748 3096 786 3168 in
814 3119 887 3190 quo
916 3096 1017 3169 facta
1044 3106 1101 3169 est

56 3205 255 3303 percussio.

108 3318 158 3392 A.
186 3318 226 3391 Si
242 3317 369 3391 tabula
384 3319 548 3415 erigatur
567 3320 843 3416 superplenum
861 3321 1022 3418 aliquod,
1034 3323 1102 3395 etsi

59 3432 168 3528 dejici
197 3431 305 3505 facile
332 3445 456 3527 potest
485 3432 596 3505 etiam
621 3457 644 3505 a
667 3434 745 3507 solo
776 3434 893 3530 digito
922 3437 1102 3530 pressum,

58 3547 133 3644 pila
141 3559 267 3619 tamen
285 3568 308 3618 a
325 3557 533 3640 musquetto
546 3570 627 3619 eam
643 3570 717 3620 non
736 3546 884 3644 dejiciet
902 3547 967 3621 sed
983 3559 1104 3622 traus-

58 3660 200 3756 adigct.
254 3658 377 3733 Quam
394 3659 441 3731 ob
460 3658 632 3731 causam?

110 3773 161 3847 B.
189 3771 287 3846 Dum
305 3770 468 3845 tabidam
494 3771 611 3868 digito
636 3772 765 3868 dejicis
795 3786 941 3870 tempus
968 3798 1101 3847 eonsu-

58 3887 185 3973 mitur,
204 3884 292 3958 dum
309 3897 443 3972 motus,
463 3907 572 3980 quem
598 3887 696 3981 parti
719 3886 898 3983 imprimis
916 3911 1025 3983 quam
1049 3887 1104 3959 di·

57 4002 140 4097 gito
159 3997 294 4095 tangis,
313 3998 457 4071 creteris
475 3998 642 4094 partibus
655 4000 824 4073 omnibns
842 4001 1104 4073 communicari

57 4111 190 4210 possit.
242 4110 390 4207 Alioqui
407 4110 505 4182 enim
524 4133 598 4183 non
616 4109 832 4207 dejicietur:
851 4125 973 4186 totum
991 4113 1102 4202 enim,

58 4224 131 4298 nisi
165 4223 337 4297 omnibus
370 4224 538 4319 partibus
568 4225 689 4311 motis,
720 4224 829 4321 dejici
860 4250 935 4299 non
967 4237 1103 4323 potest.

60 4339 149 4412 Piloe
166 4349 290 4411 autem
307 4337 493 4434 percussio
511 4349 617 4411 tanta
632 4339 675 4411 fit
688 4339 887 4429 celeritate,
900 4352 943 4413 ut
960 4351 1103 4437 partem

383 4588 400 4621 ⁴
421 4588 471 4651 sic
484 4591 554 4651 edit.
572 4592 795 4651 16620t1668.

167 4704 260 4758 vou.
279 4706 335 4757 ιν.
932 4707 959 4760 Α
978 4708 1004 4758 Α
