2618 5092
341 607 834 670 rsontnunrn‘rsrsrcs.
1038 599 1112 678 317

58 777 106 852 de
132 779 243 854 obice
270 782 400 856 oceani
426 806 559 879 aquam
595 783 820 880 impediente
850 806 897 857 ue
922 783 1113 880 procedat,
1166 811 1234 852 car.
1250 811 1283 852 11.

59 891 128 965 sed
171 904 395 985 revertatur,
439 896 589 970 memini
631 897 764 993 legisse
804 921 864 971 me
898 896 1033 970 alicubi
1075 897 1114 970 in
1156 882 1284 982 His-u

61 1006 212 1102 seriptis
230 1007 449 1083 cancellarii
467 1010 635 1084 Baeonis.
1163 1003 1259 1047 'mi‘

114 1119 166 1192 B.
194 1120 255 1194 lta
274 1135 355 1195 est:
382 1123 446 1196 sed
480 1135 602 1197 motus
629 1147 734 1219 aquae
762 1146 910 1196 oausam
938 1121 1115 1195 adscribit

61 1233 185 1307 motui
203 1234 338 1310 diurno
355 1236 464 1333 primi
481 1237 637 1326 mobilis,
663 1237 727 1332 qui
755 1247 878 1309 motus
902 1235 1012 1332 primi
1039 1260 1115 1308 mo·

63 1346 161 1436 bilis,
177 1371 263 1421 cum
281 1350 331 1422 sit
347 1349 385 1422 in
403 1350 540 1423 circulo
560 1352 665 1446 cujus
683 1361 851 1422 centrum
870 1361 926 1422 est
944 1360 1115 1422 centrum

67 1474 190 1548 terrae,
208 1461 414 1558 propellere
436 1486 570 1559 aquam
592 1486 668 1536 non
685 1472 820 1558 potest.
871 1462 996 1536 Etiam
1014 1462 1117 1534 Gali-

66 1572 146 1647 leus
178 1598 327 1648 eausam
353 1588 508 1649 aestuum
533 1577 667 1650 horum
690 1588 799 1649 terrae
828 1577 944 1648 motui
968 1574 1116 1649 cuidam

68 1686 266 1760 adscribit:
294 1712 403 1783 quem
428 1700 569 1762 motum
592 1701 693 1762 terra
719 1689 855 1762 habere
878 1714 952 1762 non
977 1699 1115 1785 potest,

68 1799 139 1872 nisi
160 1800 228 1889 sol,
251 1813 363 1889 terra,
386 1813 424 1875 et
446 1803 535 1876 luna
560 1801 677 1875 solido
703 1801 825 1897 aliquo
852 1802 999 1875 vinculo
1028 1824 1116 1874 oon-

70 1925 320 2004 necterentur,
335 1927 509 2012 tauquam
523 1915 561 1988 in
574 1915 662 1988 fune
679 1913 841 2011 pendulo
859 1914 1016 1988 totidem
1029 1913 1116 2010 pilae

71 2026 263 2122 plumbeae.

496 2430 601 2505 CAP.
627 2431 697 2504 III.

328 2602 610 2656 PROBLEMATA
630 2603 684 2655 Dll
705 2601 860 2655 VACUO.

121 2717 172 2793 A.
198 2717 262 2792 An
276 2720 505 2815 probandam
515 2719 675 2794 universi
687 2720 965 2816 plenitudinem,
977 2720 1119 2793 nullum

76 2831 208 2905 nostin’
226 2845 485 2927 argumentum
505 2832 669 2929 cogens?

122 2944 173 3018 B.
201 2945 282 3018 Imo
311 2945 439 3019 multa.
498 2945 624 3020 Unum
654 2955 782 3019 autum
808 2945 966 3018 sufficit:
998 2968 1044 3017 ex
1074 2968 1118 3018 eo

76 3069 273 3155 sumptum,
302 3058 401 3154 quod
428 3058 501 3132 duo
532 3083 688 3156 corpora
714 3060 835 3155 plana,
866 3058 897 3130 si
925 3081 964 3130 se
991 3067 1119 3129 mutuo

76 3170 277 3245 secundum
291 3171 484 3245 amborum
497 3172 689 3269 planitiem
705 3194 938 3244 communem
952 3180 1119 3265 tangant,

76 3307 148 3359 uon
174 3284 285 3358 facile
307 3284 346 3357 in
373 3283 536 3359 instante
567 3286 690 3359 divelli
717 3295 891 3382 possunt;
919 3282 1121 3357 successive

76 3421 160 3472 vero
195 3397 380 3470 facillime.
444 3397 531 3472 Non
566 3398 649 3471 dico
684 3396 906 3493 impossibile
938 3420 1016 3469 esse
1049 3396 1122 3469 duo

77 3509 272 3584 durissima
300 3533 486 3584 marmora
515 3511 568 3583 ita
598 3509 824 3584 cohaerentia
841 3509 1027 3597 divellere,
1058 3509 1124 3582 sed

77 3622 247 3708 difficile;
274 3635 314 3696 et
333 3623 409 3697 vim
433 3623 620 3720 postulare
644 3634 799 3712 tantam,
824 3636 963 3719 quanta
990 3622 1124 3696 sufficit

76 3736 122 3811 ad
150 3735 327 3810 duritiem
353 3736 485 3832 lapidis
510 3734 765 3832 superandam.
818 3735 1008 3832 Siquidem
1035 3759 1123 3809 vero

76 3851 214 3948 majore
231 3848 269 3921 ri
286 3847 334 3922 ad
351 3850 622 3946 separationem
639 3872 731 3945 opus
754 3847 803 3921 sit
827 3873 937 3944 quam
962 3848 1026 3922 illa
1052 3872 1125 3944 qua

78 3974 272 4037 moventur
289 3975 470 4058 separata,
482 3963 522 4036 id
533 3963 679 4060 signum
697 3973 843 4034 estnon
861 3963 942 4036 dari
955 3985 1123 4036 vacuum.

124 4075 170 4151 A.
197 4077 433 4150 Assertiones
476 4077 548 4150 illae
589 4075 904 4149 demonstratione
942 4075 1122 4169 indigent.

79 4189 197 4264 Primo
215 4199 342 4263 autem
360 4189 512 4263 ostende
531 4187 715 4285 quomodo
733 4211 778 4261 ex
798 4187 954 4261 duorum
972 4185 1123 4258 durissi-

80 4325 220 4377 morum
238 4324 436 4397 corporum
455 4304 737 4398 conjunctorum
762 4301 810 4374 ad
834 4299 1045 4397 superficies
1063 4322 1124 4370 ex·

83 4416 207 4511 quisito
224 4415 339 4488 laeves
363 4414 608 4511 diremptione
632 4413 783 4502 difficili,
812 4413 979 4508 sequitur
1005 4410 1123 4507 pleni-

83 4527 165 4602 tudo
181 4525 328 4603 mundi.
