2618 5092
274 675 592 728 narnuuarrca
612 675 856 727 nonmana.
1049 664 1098 727 99

110 842 191 917 Inde
208 842 353 918 Palladi
373 843 503 917 solutis
521 853 544 917 3
562 842 713 932 assibus,
1138 870 1289 912 nrauoons

150 968 291 1030 restant
328 1013 714 1031 .......
742 962 894 1031 stt-21
920 980 1029 1030 asses.
1138 952 1283 1057 ᾧ

107 1069 175 1143 Sed
190 1072 360 1144 restabat
376 1094 472 1144 unns
489 1081 634 1143 tantum
651 1071 755 1143 assis.

105 1187 166 1261 Est
181 1209 273 1282 ergo
296 1197 310 1260 l
333 1188 425 1262 assis
445 1228 470 1248 =
491 1195 643 1261 tta—21
666 1211 776 1261 asses.

107 1299 153 1374 Et
171 1299 311 1374 additis
334 1301 532 1397 utrobique
550 1310 594 1374 21
616 1301 771 1389 assibus,
798 1313 907 1375 erunt
933 1311 981 1375 22
1000 1323 1099 1375 asses

131 1425 181 1473 '=
201 1421 273 1486 Sd.

106 1525 150 1598 Et
161 1533 206 1613 22
216 1548 318 1599 asses
328 1563 352 1582 =
368 1534 381 1598 1
395 1537 434 1615 d,
446 1525 485 1598 id
496 1536 563 1614 est,
575 1548 730 1599 numero
741 1527 877 1599 assium
889 1526 1097 1601 allatorum.

107 1635 150 1712 B.
175 1638 292 1711 Recte
310 1660 412 1726 saue,
430 1648 469 1711 et
483 1639 657 1711 breviter.

107 1749 149 1824 A.
173 1751 330 1825 Fateor:
358 1751 491 1824 sedin
521 1751 591 1824 hac
622 1752 837 1848 operatione
870 1752 958 1848 quid
984 1751 1099 1838 vides,

71 1862 321 1962 propterquod
344 1863 500 1936 dicenda
518 1864 567 1936 sit
589 1863 819 1960 analytica?
879 1865 975 1953 Sive,
999 1865 1101 1961 quod

72 1977 152 2051 idem
168 1989 235 2066 est,
254 1976 442 2074 quodnam
460 1989 515 2050 est
531 1977 593 2051 hic
611 1978 857 2073 compositum
872 1979 971 2074 quod
989 1978 1100 2051 resol-

72 2089 169 2164 vitur?
183 2090 600 2186 Dicesnednplationem
611 2089 711 2162 illam
723 2113 802 2162 esse
817 2090 1099 2163 resolutionem?

109 2201 149 2275 B.
175 2204 343 2278 Minime.

109 2315 149 2388 A.
176 2316 278 2392 Quid
309 2315 425 2411 ergo?
481 2319 540 2388 An
570 2327 760 2389 ternorum
789 2315 936 2389 illorum
964 2316 1100 2389 assium

74 2429 248 2504 subductio
269 2428 446 2503 resolutio
464 2429 548 2503 est?

109 2541 151 2617 B.
176 2544 266 2620 Non
281 2541 441 2615 videtur.

109 2655 154 2729 Α.
181 2656 314 2753 Neque
327 2665 400 2739 est;
413 2678 501 2727 nam
511 2653 707 2727 methodus
718 2666 867 2729 totaest
876 2656 1098 2754 apothetica.

110 2769 154 2843 B.
181 2769 283 2846 Quid
301 2780 426 2844 autem
444 2780 500 2842 est
517 2767 710 2841 resolvere.

109 2881 149 2957 A.
176 2884 386 2973 Resolvere‚
404 2893 459 2955 est
475 2881 526 2965 id,
552 2880 652 2978 quod
675 2882 918 2978 compositum
942 2896 1010 2970 est,
1037 2883 1101 2955 de·

71 3005 189 3082 texere,
221 2996 352 3071 ordine
381 2996 444 3091 qui
478 2994 526 3067 sit
560 2993 680 3067 ordini
712 2994 989 3090 compositionis
1015 3019 1101 3067 con-

70 3110 198 3183 narius,

108 3223 152 3295 B.
179 3220 338 3296 Declara
353 3209 424 3293 hoc
441 3220 564 3316 aliquo
582 3220 761 3318 exemplo.

107 3337 153 3410 A.
177 3334 318 3431 Accipe
329 3334 535 3431 exemplum
543 3334 700 3409 Wallisii
710 3333 901 3432 problema
911 3333 1098 3426 solventis,

66 3457 99 3520 nt
113 3448 213 3539 dicit,
232 3448 313 3520 sine
331 3446 493 3543 algebra‚
510 3446 581 3519 hoc
600 3447 731 3520 modo:

105 3562 269 3636 Relictns
300 3572 357 3633 est
386 3560 477 3634 assis
505 3570 537 3634 l.
592 3561 721 3658 Itaque
755 3561 787 3635 si
818 3561 935 3635 Pallas
966 3562 1099 3636 reddat

63 3673 186 3771 virgini
218 3695 309 3771 quas
339 3685 533 3769 acceperat
560 3683 595 3762 3,
621 3675 716 3747 fiunt
742 3685 909 3769 quatuor.
968 3676 1007 3747 Si
1037 3676 1099 3749 illa

62 3787 184 3861 reddat
220 3786 361 3860 Palladi
391 3786 491 3883 qnod
521 3787 566 3859 ab
594 3810 638 3860 ea
667 3798 860 3882 acceperat
894 3786 1098 3878 dimidium,

61 3898 146 3975 fiunt
159 3910 195 3974 2.
235 3898 380 3972 Deinde
399 3901 429 3972 si
442 3900 575 3996 Apollo
594 3899 727 3973 reddat
745 3923 835 3996 qnos
853 3915 1047 3998 acceperat
1061 3912 1095 3991 3,

60 4012 145 4087 fiunt
164 4023 211 4097 ὃς
239 4025 278 4085 et
295 4012 359 4086 illa
376 4012 537 4108 Apollini
563 4013 661 4109 quod
681 4026 873 4109 acceperat
892 4014 1095 4104 dimidium,

59 4125 143 4200 fiunt
161 4137 226 4220 243
246 4136 283 4200 et
296 4125 443 4222 Jupiter
456 4150 547 4222 quos
561 4139 753 4224 acceperat
773 4137 795 4200 3
809 4151 919 4216 asses,
934 4130 1028 4201 fiunt
1041 4132 1095 4209 5l.

59 4236 97 4314 Et
118 4241 182 4314 illa
208 4237 309 4335 quod
332 4238 467 4311 aJove
492 4251 685 4335 acceperat
709 4239 899 4314 dimidium
921 4243 1015 4314 fiunt
1039 4247 1095 4324 2²2².

60 4350 181 4452 ltaque
200 4352 328 4427 omnia
344 4350 500 4425 redeunt
517 4351 564 4426 ad
583 4364 719 4426 statum
736 4354 906 4449 primum.

101 4468 148 4543 B.
176 4468 308 4553 Recte,
345 4465 516 4555 breviter,
546 4479 584 4539 et
614 4466 808 4564 analytice.
869 4469 966 4540 Nam
997 4465 1097 4560 quod

60 4575 187 4657 lactum
203 4582 242 4655 in
257 4578 485 4677 problemate
497 4578 717 4654 describitur
730 4581 776 4654 ab
789 4581 896 4654 initio
909 4578 957 4651 ad
973 4579 1097 4669 finem,

921 4714 985 4766 na
