2618 5092
388 663 441 714 nn
461 663 629 716 maruan
649 663 784 716 naurs.
1029 650 1098 716 261

109 822 157 896 B.
185 825 263 900 Sed
286 829 470 925 quomodo
497 841 650 926 possunt
672 829 767 902 ictus
796 830 849 903 illi
877 830 964 904 satis
989 831 1103 905 fortes

65 959 136 1009 esse
158 937 208 1011 ad
237 964 360 1014 aerem
385 942 651 1029 incutiendum,
670 967 752 1015 cum
775 953 899 1016 suctor
917 943 1000 1017 talis
1025 967 1103 1017 esse

64 1049 190 1125 debeat
211 1064 256 1125 ut
273 1066 438 1128 ventrem
457 1057 676 1129 anteriorem
695 1056 886 1152 adaequate
904 1056 1083 1153 impleat?

106 1164 156 1237 A.
184 1165 254 1239 Est
280 1167 319 1240 in
349 1180 496 1241 suctore
524 1168 616 1264 ipso,
634 1180 677 1241 ut
698 1169 807 1255 nosti,
829 1168 994 1242 foramen
1017 1194 1102 1242 eum

61 1275 215 1368 vulvula,
247 1304 331 1376 quae
358 1282 512 1364 vulvula,
541 1282 629 1355 dum
658 1281 859 1355 retrahitur
887 1295 1023 1372 suetor,
1055 1284 1102 1356 ab

60 1384 140 1463 aere
169 1403 326 1467 externo
349 1393 457 1468 facile
479 1394 655 1490 aperitur.
707 1395 758 1466 At
781 1394 869 1467 dum
887 1395 1101 1492 impellitur,

60 1504 222 1600 aperitur
239 1506 303 1579 illa
319 1507 464 1580 vulvula
481 1532 563 1604 quae
580 1519 635 1580 est
652 1506 690 1579 in
706 1507 892 1580 ventrium
909 1510 1101 1583 amborum

59 1619 311 1693 commissura.

107 1731 157 1806 B.
185 1732 342 1807 Memini
369 1732 423 1807 ita
449 1756 539 1807 esse.
592 1733 671 1806 Nee
696 1732 824 1806 dubito
843 1734 930 1831 quin
949 1735 1101 1808 effectus

59 1843 152 1919 illius
169 1869 298 1919 veram
311 1847 529 1941 unicamque
547 1870 694 1919 causam
712 1846 915 1934 reddidisti,
930 1846 1101 1920 eandem-

60 1981 126 2053 que
145 1982 231 2054 quae
248 1959 432 2032 mirabiles
450 1960 533 2032 illos
547 1960 584 2031 in
603 1958 772 2032 machina
786 1972 913 2031 nostra
926 1961 1101 2033 excitavit

60 2086 178 2145 motus
196 2073 304 2145 aeris.
357 2073 478 2148 Quam
504 2085 628 2145 autem
656 2072 752 2144 illius
778 2073 929 2144 effectus
952 2096 1101 2146 eausam

60 2185 173 2258 nostri
199 2185 362 2259 reddunt
378 2187 436 2259 vel
459 2186 640 2259 reddituri
668 2197 754 2259 sunt
785 2186 920 2259 nescio.
975 2185 1100 2259 Redeo

60 2321 182 2373 rursus
204 2299 254 2372 ad
277 2301 527 2396 experimenta
553 2300 732 2373 maehinae
755 2310 903 2371 nostrae.
955 2300 1103 2394 Appen·

62 2410 151 2484 dunt
168 2413 208 2485 in
226 2413 370 2486 bilance
391 2414 438 2487 ad
462 2438 576 2486 unum
604 2413 706 2485 librae
733 2411 923 2484 brachium
942 2411 1102 2484 vesicam

61 2524 248 2610 inflatum3
274 2527 323 2601 ad
341 2527 509 2614 alterum,
527 2527 667 2622 plumbi
685 2537 829 2599 tanturn
846 2538 889 2598 ut
905 2526 970 2598 fiat
987 2524 1101 2620 aequi-

61 2637 230 2712 librium:
258 2654 297 2712 et
317 2639 516 2713 demittunt
534 2640 572 2713 in
596 2639 776 2734 recipiens
797 2637 850 2711 ita
872 2650 916 2711 ut
941 2635 1105 2733 pendeat

62 2751 104 2824 ab
120 2753 310 2849 operculo.
360 2752 527 2826 Vidimus
549 2764 685 2840 autem,
714 2764 847 2825 exucto
880 2774 975 2840 aere,
1004 2774 1100 2846 prae-

62 2863 265 2956 ponderare
282 2865 452 2939 vesicam.
505 2865 733 2938 Ponderatur
753 2887 841 2959 ergo
869 2887 933 2935 aer
962 2863 1000 2935 in
1018 2863 1101 2935 loco

62 2996 186 3069 vacuo,
201 2989 241 3050 et
258 3001 325 3074 per
342 3002 567 3074 consequens
582 3003 605 3050 a
616 2975 1107 3074 praeponderationevesicae

64 3090 287 3164 concludunt
303 3092 521 3188 gravitatem
548 3092 627 3187 ejus
650 3114 730 3163 esse
757 3088 928 3185 aliquam.
979 3087 1101 3160 Etiam

65 3217 197 3298 quauta
213 3204 278 3277 illa
292 3216 361 3294 est,
379 3205 611 3303 aliquatenus
629 3202 851 3297 intelligunt.

106 3320 156 3392 A.
186 3317 300 3393 Quod
316 3317 464 3416 quidem
481 3318 578 3406 lanx,
595 3316 633 3389 in
659 3339 731 3410 qua
753 3326 809 3386 est
830 3311 959 3400 vesica,
984 3312 1105 3408 magis

66 3427 278 3528 deprimitur
302 3455 411 3527 quam
434 3431 560 3519 altera,
586 3429 677 3502 certi
702 3451 780 3500 esse
800 3438 967 3522 possunt,
985 3425 1101 3499 oeulis

66 3545 226 3617 testibus.
280 3544 389 3619 Quod
408 3555 531 3618 autem
549 3542 587 3615 id
604 3541 819 3638 agravitate
833 3538 927 3612 aeris
943 3539 1101 3612 naturali

67 3659 206 3746 accidit,
226 3659 319 3731 certi
342 3681 514 3731 essenon
541 3668 716 3752 possunt;
743 3653 947 3751 praesertim
970 3652 1001 3724 si
1019 3675 1101 3748 quae

68 3770 109 3844 sit
133 3772 328 3869 gravitatis
357 3794 467 3844 causa
497 3769 668 3856 efficiens,
699 3767 878 3841 nesciunt.
944 3765 1101 3838 Causam

68 3897 181 3958 autem
200 3884 394 3980 gravitatis
412 3907 608 3980 quamnam
625 3878 841 3977 assignant?

75 4056 77 4063 .
112 3995 158 4070 B.
187 3996 336 4069 Nullam
354 3996 486 4081 adhuc,
504 3995 569 4068 sed
590 4019 657 4092 per
674 3994 964 4091 experimentum
982 3992 1102 4087 ipsum

69 4103 157 4182 illam
179 4119 360 4205 quaerunt.
414 4108 599 4183 Quoniam
625 4121 750 4181 autem
767 4107 900 4193 vesica,
926 4105 995 4177 etsi
1026 4128 1101 4176 non

70 4222 330 4319 praeponderat,
366 4221 563 4318 propendit
605 4231 741 4308 tamen,
771 4216 922 4292 ostende
950 4228 1103 4311 propter

72 4353 170 4426 quam
187 4359 336 4408 causam
353 4333 560 4430 propendit.

111 4447 155 4522 A.
183 4447 297 4524 Quod
332 4449 463 4540 vesica,
504 4449 579 4521 sive
612 4445 759 4520 follibus
793 4444 868 4516 sive
902 4443 994 4514 flatu
1028 4440 1103 4513 oris

73 4555 221 4637 distenta
246 4561 307 4651 sit,
335 4562 482 4656 gravior
511 4562 559 4634 sit
583 4583 692 4657 quam
723 4557 850 4630 eadem
878 4554 1000 4628 vesica
1027 4577 1102 4626 non
