2618 5092
294 656 617 714 MATHEMA'HCE
637 657 881 712 HODIBBNAE.
1063 644 1110 710 59

97 820 154 900 A.
177 823 318 911 Mala3
362 847 433 898 nec
464 823 716 922 intelligibilis,
754 821 893 897 nedum
924 832 1112 898 accurata.
1147 850 1296 896 amioum

56 936 157 1012 Inter
174 962 362 1037 quaenam
381 960 449 1012 sua
463 937 576 1035 ipsius
592 948 731 1034 puncta
745 947 870 1035 potest
887 934 1113 1033 interjacere
1152 933 1296 1039 ss

58 1051 156 1126 linea
175 1062 301 1140 recta,
324 1062 574 1150 praeterquam
596 1050 694 1125 inter
714 1050 907 1126 extrema?
955 1052 1006 1126 Et
1021 1075 1114 1148 quo-

62 1164 172 1238 modo
200 1164 308 1239 inter
338 1188 386 1238 ea
412 1188 460 1238 ea
488 1188 595 1262 equo
627 1165 823 1263 interjacet
854 1164 972 1260 magis
1002 1189 1113 1261 quam

65 1301 188 1369 curva,
212 1276 290 1350 nisi
315 1275 417 1351 forte
439 1276 538 1373 quod
560 1299 636 1351 non
656 1276 817 1352 declinet
837 1277 886 1352 ab
902 1277 1027 1374 aliqua
1042 1276 1115 1351 alia

66 1390 174 1483 linea,
191 1389 329 1465 eadem
345 1388 504 1464 habente
520 1399 698 1481 extrema,
710 1391 828 1487 magia
844 1392 884 1465 in
899 1414 1013 1463 unam
1028 1414 1114 1487 par-

67 1515 143 1578 tem
168 1527 283 1600 quam
307 1501 351 1576 in
374 1500 507 1576 aliam?
558 1502 672 1578 Quod
696 1503 729 1577 si
750 1504 806 1579 ita
828 1505 889 1595 sit,
910 1526 1023 1600 quare
1039 1526 1116 1578 non

68 1628 223 1714 possunt
250 1639 335 1690 esse
361 1615 460 1688 inter
484 1615 614 1690 eedem
638 1628 778 1713 puncta
801 1628 968 1691 extrema
990 1617 1116 1715 plures

70 1741 182 1805 rectae
205 1730 330 1804 lineae.
382 1728 575 1820 Praeterea,
601 1729 759 1828 intelligi
783 1754 859 1804 non
881 1741 1006 1827 potest
1025 1754 1117 1827 qno-

70 1844 181 1920 modo
197 1843 298 1918 linea
314 1853 419 1917 recta
436 1867 482 1917 ea
499 1867 609 1942 equo,
635 1842 674 1916 id
692 1855 759 1935 est,
783 1845 985 1941 aqualiter,
1001 1843 1117 1916 inter·

67 1959 193 2055 jacere
209 1957 310 2031 inter
332 1979 401 2030 sua
416 1967 581 2032 extrema
597 1956 754 2050 dicatur,
776 1959 848 2033 nisi
870 1957 1118 2055 intelligamus

71 2071 174 2170 prius
190 2069 282 2167 quid
300 2069 352 2143 sit
367 2069 522 2167 equale.

119 2184 172 2258 B.
197 2181 377 2258 Definitio
404 2184 600 2280 equalium
624 2185 671 2258 ab
697 2184 864 2276 Euclide,
889 2184 1015 2259 nescio
1044 2206 1119 2280 qua

73 2297 118 2372 de
134 2320 259 2385 musa,
270 2296 520 2394 pretermissa
535 2310 615 2380 est;
642 2321 853 2394 quanquam
875 2296 974 2370 circa
995 2320 1119 2392 aequa-

73 2410 214 2485 litatem
232 2421 271 2484 et
282 2408 571 2506 inequalitatem
589 2412 708 2485 omnis
724 2421 891 2485 versetur
903 2410 1119 2505 geometria.

120 2522 173 2598 A.
197 2521 360 2596 Axioma
375 2532 548 2596 octavum
563 2523 612 2597 ad
623 2523 855 2598 Elementum
866 2523 1028 2621 primum
1044 2523 1121 2595 Eu-

75 2637 191 2726 clidis,
220 2635 343 2709 instar
371 2634 593 2711 definitionis
623 2646 680 2711 est
707 2636 901 2734 equalium
925 2636 1119 2729 linearum,

75 2749 132 2825 rel
165 2749 281 2824 etiam
315 2747 513 2846 equalium
544 2749 835 2848 superficierum,
870 2773 1002 2846 nempe
1035 2748 1120 2840 hoc,

77 2888 157 2962 que
167 2860 243 2936 eibi
255 2868 378 2935 maluo
391 2871 610 2960 congruunt,
621 2886 669 2936 ea
683 2863 782 2937 inter
793 2887 834 2936 se
845 2874 930 2938 ruat
943 2861 1121 2961 equalia.

122 2973 172 3049 B.
198 2974 289 3048 Non
316 2985 374 3047 est
400 2997 445 3048 ea
472 2975 668 3071 equalium
698 2975 878 3066 definitio,
908 2998 1120 3073 quanquam

77 3111 163 3162 vera
177 3086 398 3186 propositio,
416 3099 455 3162 et
471 3112 555 3185 quae
571 3089 697 3163 multis
715 3089 955 3162 theorematis
973 3088 1124 3161 demon·

78 3201 239 3277 suendis
266 3201 356 3276 satis
381 3201 476 3276 bene
498 3203 731 3287 inservierit3
756 3201 822 3275 sed
838 3201 985 3275 videtur
999 3200 1125 3298 potius

79 3315 278 3411 descriptio
296 3314 466 3412 quedam
482 3316 573 3412 ejus,
596 3315 696 3412 qnod
712 3315 854 3388 faciunt
869 3314 924 3388 illi
940 3313 1005 3409 qui
1021 3336 1125 3410 mag-

77 3428 267 3503 nitudines
289 3451 415 3503 rerum
435 3429 650 3506 metiuntur.
701 3430 798 3504 Nam
817 3428 881 3525 qui
898 3438 1125 3516 mensurant,

79 3564 290 3616 mensnram
307 3565 510 3640 congruere
526 3542 668 3617 faciunt
685 3567 770 3618 cum
783 3552 1007 3616 mensurato.
1051 3539 1127 3615 De·

80 3655 145 3728 fini
161 3677 253 3753 ergo
270 3655 438 3751 aequalia.

127 3766 177 3842 A.
202 3765 392 3866 AEqualaa
413 3777 500 3842 sunt
523 3769 687 3842 interae
710 3790 886 3867 corpora,
910 3790 992 3865 que
1008 3765 1127 3840 eidem

79 3877 159 3955 loca
190 3904 400 3979 congmcre
425 3891 595 3981 pausum.
645 3883 706 3970 Et,
740 3880 907 3980 equales
940 3882 1128 3980 maguitu-

81 3992 187 4068 dimee
204 4002 293 4067 suut
307 3994 581 4092 magnitudines
599 3993 791 4092 equalium
807 4018 1010 4093 caporum.

128 4107 181 4181 B.
208 4107 282 4181 Hae
312 4106 460 4202 quidem
488 4106 720 4181 definitiones
746 4119 834 4182 sunt
865 4130 1063 4204 corporum
1089 4116 1128 4179 et

82 4220 381 4317 magnitudinum
414 4219 619 4318 equalium,
647 4245 723 4294 non
757 4232 881 4296 autem
914 4220 1129 4316 simpliciter

84 4333 290 4431 equalium.
342 4333 440 4407 Nam
471 4342 685 4431 temporum,
714 4344 884 4425 umluum,
909 4333 1129 4432 paradarum,

84 4446 312 4544 aliarumque
345 4470 469 4520 rerum
510 4446 709 4523 multarum
742 4447 958 4545 equalitati,
997 4456 1131 4517 neutra

85 4583 209 4637 earum
226 4559 406 4659 applicari
421 4570 557 4658 potest
