2640 5092
288 629 603 685 nnnnnunmcn
623 634 867 686 RODIERNAE.
1029 621 1094 686 141

55 799 167 888 sione,
198 800 359 897 exempli
392 824 515 889 causa,
546 809 693 890 2,6,18,
724 800 960 875 concedimus
988 802 1097 874 ambo
1136 824 1289 866 nnnooun

54 935 288 986 communem
307 913 614 1010 multiplicantem
644 937 724 986 esse
750 924 784 1002 3,
804 914 880 987 sive
904 915 938 986 R
961 914 1037 987 sive
1056 915 1097 986 M
1139 905 1284 1011 „L

53 1025 286 1122 appelletur:
313 1026 374 1099 ille
391 1038 514 1099 autem
532 1027 604 1099 hoo
621 1027 788 1124 amplius,
807 1027 987 1100 rationem
1010 1036 1033 1099 2
1052 1027 1100 1100 ud

51 1145 175 1211 Gesse
194 1147 229 1212 3.
282 1139 331 1211 Et
349 1149 555 1235 propterea,
572 1163 681 1234 quem
699 1163 893 1212 numerum
911 1163 981 1235 ego
999 1163 1100 1211 com·

51 1273 204 1322 munem
238 1250 545 1346 multiplicantem
575 1275 679 1339 voco,
713 1251 874 1347 appellat
907 1251 969 1323 ille
1000 1274 1100 1323 com-

51 1387 204 1435 munem
221 1364 414 1437 rationem.
450 1362 560 1436 Unde
575 1364 620 1435 fit
637 1375 679 1437 ut
695 1363 862 1436 nonnulli
873 1362 970 1435 illius
984 1364 1101 1436 secuti

49 1476 333 1565 authoritatem,
351 1477 530 1550 rationem
554 1488 687 1572 putent
713 1500 791 1549 esse
819 1499 1027 1565 numerum,
1046 1476 1102 1546 ni-

53 1591 195 1665 mirum
213 1590 466 1686 quotientem;
494 1589 592 1685 quod
605 1602 662 1662 est
676 1613 882 1663 erroneum.

102 1702 156 1776 B.
184 1703 264 1776 lmo
281 1726 369 1776 vero
382 1701 593 1776 absurdum.

102 1817 157 1890 A.
183 1815 301 1889 Video
317 1815 378 1888 hic
396 1814 562 1911 symbola
585 1815 632 1887 ab
660 1814 732 1888 illis
760 1815 893 1912 quibus
921 1816 1100 1891 haetenus

49 1953 142 2003 usus
159 1942 230 2019 est,
247 1927 501 2001 diversissime

104 2042 157 2115 B.
184 2041 271 2114 Non
288 2053 376 2115 sunt
392 2040 455 2114 illa
484 2039 648 2137 symbola
676 2041 873 2138 algebrica,
892 2041 957 2114 sed
983 2041 1099 2114 literae

52 2154 240 2230 Arabicae.

103 2269 157 2342 Α.
184 2266 340 2363 legitne
353 2265 415 2339 ille
428 2265 601 2354 Arabica,
614 2277 656 2338 ut
670 2265 850 2339 clericus?

103 2378 154 2453 Β.
180 2378 329 2452 Nescio.
355 2377 430 2451 Sed
442 2401 465 2450 a
477 2377 556 2449 viro
570 2375 782 2450 doctissimo
799 2390 838 2450 et
852 2377 948 2450 illius
963 2378 1098 2474 linguae

54 2491 282 2589 peritissimo
299 2501 452 2586 accepta
466 2489 561 2561 libro
580 2513 646 2561 suo
662 2489 780 2561 visum
797 2502 854 2562 est
867 2491 920 2563 illi
938 2492 1098 2564 Arabica

53 2609 136 2681 ltaec
170 2606 344 2679 inserere.
414 2604 511 2676 Num
549 2603 835 2700 progressionis
861 2604 1100 2700 geonzetrieoe

53 2717 275 2818 exemplum,
286 2717 419 2814 inquit,
437 2715 595 2814 elegans
612 2724 682 2802 est,
693 2725 729 2787 et
742 2725 923 2788 uetustum
939 2728 978 2790 et
988 2718 1101 2814 sorte

54 2832 214 2905 omnium
230 2830 405 2928 primum.
457 2828 676 2902 Ostenditur
693 2842 818 2902 autem
844 2830 914 2902 hoc
933 2830 1100 2926 exemplo

55 2947 94 3018 in
120 2969 233 3041 quum
261 2945 458 3016 immanem
477 2966 657 3015 summum
679 2966 747 3039 per
774 2967 910 3039 paucus
936 2943 1099 3040 duplica-

55 3059 177 3133 tiones
195 3057 374 3130 excrescit
391 3057 525 3128 unitas.

107 3171 158 3245 A.
185 3169 403 3245 Ostenditur
429 3187 609 3266 praeterea
637 3169 770 3265 legisse
798 3169 901 3242 illum
928 3168 1101 3240 Edwardi

55 3285 165 3382 primi
200 3292 393 3371 statutum,
421 3283 468 3355 de
502 3283 685 3354 memoris
715 3281 956 3380 Anglicunis,
980 3293 1022 3354 ut
1055 3306 1100 3354 eo

54 3397 281 3493 transcripto
311 3396 499 3469 videretur
528 3395 638 3468 etium
673 3395 814 3492 peritus
839 3395 944 3490 juris.
1003 3394 1101 3467 Nam

53 3512 194 3607 ubsque
220 3509 290 3599 his,
319 3532 400 3605 quae
427 3508 473 3581 ad
508 3508 700 3581 scientiam
730 3508 975 3581 arithmeticae
1008 3507 1101 3582 nihil

53 3625 257 3720 pertinent,
274 3634 386 3718 caput
399 3621 469 3695 hoc
487 3621 711 3694 tricesimum
726 3621 886 3717 primum
898 3620 959 3693 vix
983 3622 1102 3694 conti-

54 3751 161 3810 neret
171 3736 265 3809 duns
281 3735 446 3831 paginas.

104 3848 152 3920 B.
181 3849 289 3922 Datis
307 3848 473 3921 terminis
489 3849 610 3943 primo
629 3861 666 3920 et
679 3847 821 3936 ultimo,
841 3849 1026 3943 quomodo
1044 3851 1102 3922 in-

56 3964 216 4051 venitur,
253 3986 362 4059 quem
404 3962 486 4057 quis
523 3962 739 4057 postularet,
777 3962 956 4035 terminus
989 3965 1101 4037 inter·

56 4073 228 4150 medius?

106 4191 154 4262 A.
183 4187 284 4261 Dato
302 4185 451 4283 quidem
468 4208 621 4258 numero
644 4186 898 4275 terminorum,
916 4186 1100 4261 facillime.

58 4301 192 4377 Divido
208 4299 308 4374 enim
321 4297 491 4372 ultimum
509 4321 576 4394 per
587 4298 760 4394 primum,
779 4313 817 4373 et
835 4301 1003 4397 quotiens
1029 4299 1100 4372 erit

54 4428 224 4512 potestas
242 4412 366 4509 aliqua
393 4435 439 4484 ex
462 4410 768 4496 ascendentibus3
794 4436 938 4508 nempe,
957 4412 987 4483 si
1014 4410 1100 4483 ulti·

56 4552 141 4602 mus
170 4528 239 4602 fiat
266 4550 290 4601 a
313 4523 620 4620 multiplicatione
647 4525 819 4620 quadrati
842 4525 881 4598 in
904 4525 1102 4598 terminum
