2618 5092
187 670 261 740 508
462 682 752 743 annonarum
770 680 959 750 crucum,

12 880 123 924 ιιιοι.
138 880 160 923 ι.
186 850 325 927 sectori
351 847 461 925 Acin
512 846 767 945 Reprehendit
782 846 884 945 qnod
904 844 1058 923 nonsit
1085 844 1225 921 demon

184 976 356 1045 stratum.
405 962 486 1059 Ego
502 984 591 1036 rero
608 959 924 1037 demonstratione
950 958 1124 1059 indigere
1138 958 1226 1059 npnd

183 1076 317 1173 logicae
333 1074 576 1172 peritissimos
589 1096 666 1147 non
682 1072 789 1171 potui
805 1070 972 1147 eredere.

237 1188 422 1277 Secundo,
438 1186 538 1261 satir
552 1185 675 1283 inquit
689 1196 750 1261 ert
768 1186 826 1263 od
838 1182 1135 1285 motionem
1145 1206 1227 1283 pro-

179 1301 388 1401 positionis
402 1324 493 1373 oreae
508 1299 750 1397 disjuncaoe,
766 1298 872 1399 quod
882 1323 956 1375 nort
976 1298 1033 1373 eit
1049 1322 1078 1373 a
1095 1322 1152 1373 ore
1171 1296 1227 1373 de·

188 1424 407 1493 ruomtrata.
458 1412 549 1487 Non
564 1411 660 1487 enim
681 1410 767 1502 ridi,
786 1412 891 1504 dicit,
908 1410 1125 1487 imaum
1143 1428 1228 1511 pro·

183 1526 281 1600 hore
294 1525 449 1622 salsum
477 1550 571 1617 esre,
600 1526 673 1601 red
701 1526 793 1601 milri
825 1525 1037 1601 incumbere
1068 1524 1228 1624 prodere

185 1663 313 1713 oerum
329 1662 422 1713 erre.
470 1638 578 1728 Vide,
599 1638 729 1729 lector,
753 1640 943 1736 ingenim
969 1638 1135 1713 hominis
1159 1662 1228 1712 ma-

188 1752 389 1842 thematici,
420 1752 533 1825 etiam
566 1763 673 1827 extra
699 1753 952 1849 geometriam.
1005 1752 1153 1827 Mihine
1179 1752 1227 1826 in·

185 1866 329 1951 'cambit
374 1863 631 1939 demonstrare
670 1864 949 1945 esse1reram?
1031 1866 1136 1943 Quid
1179 1878 1228 1941 cst

187 1978 453 2067 demonstrare,
480 1990 726 2075 praeterquam
760 1977 922 2053 docere?
985 1978 1119 2052 Meum
1147 2002 1228 2077 ergo

186 2104 244 2165 est
259 2090 393 2165 docere
409 2089 656 2187 professorem
673 2090 872 2187 pubiicum.
925 2090 995 2165 Ille
1012 2114 1076 2165 me
1088 2106 1229 2165 accusat

184 2204 280 2279 falsi.
331 2202 391 2279 nd
408 2226 518 2299 quem
535 2206 696 2301 pertinet
718 2203 914 2302 probatio:
940 2204 991 2279 ad
1007 2220 1228 2294 accusatum,

186 2341 234 2392 an
252 2317 299 2390 ad
320 2315 600 2391 accusatorem?
655 2318 783 2412 Egone
809 2317 964 2391 doceam
987 2318 1229 2414 professorem

186 2433 285 2531 huric
313 2430 524 2526 publicum?
578 2430 663 2505 Qua
688 2430 782 2526 lege,
806 2455 880 2528 quo
910 2431 1047 2504 merito
1078 2431 1229 2506 hominis

183 2528 383 2617 maledici?
435 2542 509 2615 Sed
538 2567 638 2615 nuuc
669 2543 814 2632 faciam,
844 2554 948 2639 putu,
979 2557 1022 2617 ut
1052 2557 1133 2618 tum
1162 2546 1228 2635 ille,

183 2672 265 2731 tum
292 2679 465 2751 sequaces
492 2655 589 2728 illius
615 2655 948 2729 demonstrationes
976 2681 1080 2731 meas
1104 2659 1228 2732 intelli-

185 2780 276 2867 gant
293 2769 423 2841 melius
440 2792 549 2866 quam
566 2768 713 2842 vellent.

182 2926 184 2931 ·
235 2884 372 2971 Tertio,
391 2895 433 2954 ut
453 2883 586 2978 probet
613 2882 838 2978 triangulum
859 2883 959 2957 AYQ
986 2896 1025 2956 et
1053 2896 1228 2957 sectorem

187 2998 283 3071 ACL
307 3021 381 3069 nou
400 3018 488 3067 esse·
502 2996 668 3091 aequalia,
687 2995 852 3080 assumit,
870 3007 911 3068 ut
938 2995 1227 3070 demonstratum

180 3110 232 3185 ab
247 3109 480 3197 Archimede,
494 3110 734 3205 perimetrum
749 3109 876 3181 circuli
895 3108 944 3181 ad
956 3110 1180 3185 diametrum
1194 3112 1227 3183 in

182 3225 328 3297 minore
346 3224 489 3296 ratione
507 3245 714 3319 essequam
731 3231 780 3294 22
798 3220 846 3294 ad
864 3226 900 3304 7.
946 3222 992 3295 ld
1011 3248 1099 3299 vero
1118 3248 1227 3321 neque

185 3338 232 3411 ab
251 3335 471 3409 Archimede
489 3335 782 3408 demonstratum
801 3348 869 3422 est,
887 3359 1008 3432 neque
1033 3337 1131 3411 illius
1158 3361 1227 3410 me·

183 3449 301 3524 thodo
320 3449 564 3522 demonstrari
589 3460 725 3545 potest.
779 3448 951 3523 Procedit
969 3450 1069 3523 euim
1088 3476 1156 3548 per
1171 3474 1227 3524 ex-

183 3565 402 3638 tractionem
435 3562 613 3652 radicum,
644 3563 870 3658 assumitque
898 3562 1065 3637 radicem
1089 3564 1226 3638 numeri

184 3676 449 3773 quadratorum
467 3676 504 3748 in
515 3676 697 3772 quadrato
711 3677 849 3771 majore
864 3689 1142 3768 contentorum,
1154 3702 1226 3752 esse

180 3790 299 3862 totius
318 3788 487 3885 quadrati
515 3789 630 3862 latus:
657 3789 757 3886 quod
779 3803 836 3862 est
859 3790 1056 3864 manifeste
1085 3792 1224 3866 falsum.

184 3903 282 3977 Nam
307 3902 413 3976 radix
440 3904 585 3976 numeri
604 3903 869 3999 quadratorum
888 3915 944 3976 est
964 3929 1141 3979 numerus
1165 3908 1224 3980 ali·

183 4018 264 4113 quis
282 4017 555 4113 quadratorum,
574 4041 648 4089 nou
669 4017 777 4090 aliter
795 4040 904 4112 quam
922 4016 1031 4091 radix
1054 4027 1124 4094 100
1140 4020 1226 4117 lopi-

184 4131 271 4203 dum
289 4143 346 4204 est
364 4140 408 4205 10
425 4128 578 4226 lapides.

234 4243 377 4316 Contra
402 4242 664 4340 propositionis
689 4243 798 4339 hujus
821 4243 1018 4318 corollaria
1046 4246 1139 4319 nihil
1164 4246 1225 4320 oh

178 4357 271 4454 jicit,
290 4355 655 4452 praeterquamquod
679 4356 885 4452 procedunt
911 4380 955 4429 ex
978 4361 1225 4455 suppositione

182 4470 281 4566 qaod
296 4470 393 4545 Pan
409 4480 445 4543 et
463 4470 555 4542 CYP
577 4479 662 4543 aurit
688 4480 764 4543 turra
787 4471 885 4543 inter
901 4494 944 4544 ac
967 4472 1139 4570 aqualia,
1157 4484 1224 4545 ram

180 4581 291 4657 simul
304 4593 452 4679 surrqrtu
470 4582 631 4680 aqualia
649 4584 755 4658 PAV.
809 4584 909 4659 Bene
927 4597 996 4660 est.
1044 4588 1224 4663 Quoniam
