2618 5092
317 615 599 669 nnonunnnra
618 614 806 669 nurswn.
1010 601 1078 666 351

88 781 131 853 Β.
161 781 365 869 Nimirum,
383 780 530 878 qnando
548 782 665 854 nubes
682 794 721 853 et
738 779 862 876 pluvia
879 789 966 852 eunt
987 777 1085 853 infra
1138 803 1207 843 cm
1223 803 1242 842 v

48 893 295 968 horizontem
285 919 324 968 1n
341 895 424 969 loeo
437 894 536 969 unde
547 894 665 968 videri
682 895 799 967 nubes
812 916 887 966 non
899 902 1084 990 poterant,
1098 879 1245 986 ns}

48 1008 433 1082 neoaudiritonitrua
1162 1008 1245 1038 Μ

89 1122 135 1195 Α.
165 1121 298 1195 Nubes
308 1120 494 1217 congelan
510 1120 651 1217 primus
664 1119 858 1216 supposuit
869 1117 1083 1191 Cartesrus

47 1234 180 1308 atinde
197 1234 416 1330 contingere
429 1233 640 1330 aliquando,
651 1245 694 1306 ut
708 1232 866 1329 plurima
877 1231 1087 1327 fragmenta

46 1347 167 1442 glaciei
192 1347 307 1421 situm
332 1347 431 1421 inter
454 1370 492 1420 se
517 1346 630 1420 talem
653 1347 826 1432 habeant,
843 1356 888 1419 ut
910 1356 1086 1441 tanquam

46 1461 190 1535 totidem
216 1461 368 1558 specula
391 1460 515 1558 plures
545 1460 724 1557 imagines
751 1459 840 1534 solia
871 1459 910 1534 in
937 1459 1085 1535 oculum

47 1575 282 1650 reflecterent.

438 2165 545 2240 CAP.
576 2165 659 2238 Vll.

47 2362 320 2416 profluuium
362 2364 416 2415 DE
456 2364 575 2416 MOTU
618 2360 993 2413 PERPENDICULARI
1036 2363 1086 2413 ΕΤ

88 2478 302 2536 OBLIQUO:
331 2477 547 2530 REFRACTO
567 2477 619 2528 ET
639 2474 859 2527 nuruuxo:
888 2476 943 2527 DE
963 2476 1086 2527 Paus-

88 2591 218 2644 SIONE
249 2591 301 2642 ΕΤ
331 2591 645 2646 Plancus-arom:
673 2589 730 2640 DE
759 2587 1001 2643 TRAGTIONE
1034 2591 1086 2642 ET

86 2704 314 2758 PULSIONE.

86 2832 133 2907 A.
163 2835 208 2907 Sr
227 2832 304 2930 pila
319 2856 342 2906 a
359 2832 446 2906 dato
459 2842 598 2929 puncto
612 2831 792 2929 parietem
807 2831 916 2905 feriat
930 2856 1086 2929 perpen-

41 2945 267 3034 diculariter,
294 2958 333 3019 et
365 2969 493 3020 rursus
524 2945 729 3020 abeodem
758 2958 898 3042 puncto
925 2946 1085 3020 eundem

41 3060 215 3158 parietem
240 3060 400 3158 oblique,
418 3083 587 3158 quaenam
615 3059 687 3132 erit
707 3057 800 3132 ratio
828 3057 963 3131 virium
986 3059 1085 3131 inter

41 3197 76 3248 oe
100 3175 240 3272 quibua
267 3174 448 3271 parietem
475 3170 635 3269 urgent?
686 3169 855 3266 Exempli
884 3193 1008 3257 eausa,
1036 3173 1085 3245 sit

41 3289 156 3386 paries
173 3288 261 3377 AB,
273 3287 400 3361 datum
417 3298 597 3384 punctum
614 3287 657 3375 E,
671 3284 856 3381 sclopetus
872 3283 952 3375 GE,
970 3308 993 3358 a
1010 3310 1085 3382 quo

41 3403 228 3476 emittatur
243 3401 320 3499 pila
335 3400 688 3498 perpendiculariter
705 3398 753 3473 ad
768 3399 807 3470 F.
843 3398 974 3495 Sitque
991 3400 1086 3474 solo·

41 3529 143 3614 petua
159 3513 258 3588 alter
275 3514 360 3604 DE,
377 3539 399 3589 a
416 3538 491 3612 qno
505 3514 638 3588 emissa
653 3513 730 3611 pila
746 3511 887 3585 ineidat
909 3513 949 3588 in
966 3514 1085 3609 parie-

41 3643 111 3703 lem
140 3628 192 3702 ad
221 3626 255 3702 G
286 3628 445 3725 oblique,
475 3628 541 3702 sed
569 3627 765 3701 velocitate
795 3625 888 3722 pari.
960 3626 1088 3702 Quam

41 3742 220 3817 rationem
237 3741 427 3816 habebunt
442 3741 541 3815 inter
558 3764 597 3814 se
615 3764 742 3814 earum
759 3739 881 3813 ictus?

82 3855 132 3930 B.
151 3855 219 3929 Vis
229 3855 325 3928 ictus
337 3877 417 3951 per·
542 3853 603 3892 Η
766 3851 785 3887 ⁰
1044 3858 1062 3895 Β

41 3968 418 4066 pendiculariseritad

41 4085 110 4157 rim
151 4082 340 4180 obliquam
377 4082 416 4154 in

41 4198 182 4271 ratione
208 4208 321 4270 reotae
348 4196 418 4270 EG
513 4275 528 4308 E

41 4311 84 4384 ud
101 4322 241 4384 rectam
258 4310 325 4383 EF
559 4355 563 4364 ·
973 4332 990 4364 »ι

86 4424 136 4497 Α.
164 4367 413 4517 uuifieripo-
446 4313 585 4512 „dp

41 4535 411 4612 testnttantasitdif·
559 4529 574 4565 ⁰
