2618 5092
385 610 641 665 uurnrorrro
661 612 774 668 cunr.
1030 596 1103 677 379

105 776 292 874 iungatur
309 776 378 850 YX
396 800 525 852 secans
541 778 597 876 qf
606 781 645 854 in
663 782 689 856 i.
733 782 782 856 Ilt
799 781 850 855 ἰΤ
863 780 1017 856 dimidio
1026 783 1102 872 YZ,

58 890 261 988 eademque
278 889 433 966 dimidia
448 893 532 983 XV,
550 906 589 968 et
605 895 680 984 YZ,
694 895 766 969 XV
783 896 955 992 aequales.
993 895 1104 970 Secta

57 1017 180 1077 autem
198 1015 256 1077 est
273 1004 339 1078 PX
357 1028 380 1078 a
396 1019 500 1080 recta
516 1008 578 1082 a'l'
601 1007 783 1101 bifariam,
801 1010 888 1107 quia
899 1009 955 1107 si
971 1021 1028 1084 est
1051 1009 1103 1082 di·

57 1116 170 1191 midia
188 1117 298 1191 ΒΡ.

104 1230 153 1303 lit
170 1229 298 1326 auguli
314 1230 431 1320 VYX,
447 1231 546 1305 ZVX
565 1232 605 1306 in
621 1234 862 1309 semicirculis
880 1235 987 1310 recti.

104 1342 207 1439 Ergo
224 1343 350 1439 auguli
365 1343 477 1434 PYX,
494 1345 599 1419 YXV
616 1357 703 1421 sunt
719 1348 825 1422 recti.

104 1456 207 1552 Ergo
240 1456 375 1530 ZYXV
409 1470 466 1532 est
498 1461 767 1557 rectaugulum.
835 1463 885 1537 Ilt
918 1461 1104 1559 triangula

57 1568 166 1659 DPY,
184 1568 304 1659 DYX,
321 1571 428 1644 DXV
446 1583 532 1645 suut
556 1575 785 1671 rectangula,
803 1587 842 1651 et
858 1576 1102 1672 aequiongula.

105 1683 155 1757 Ilt
182 1695 340 1780 quatuor
370 1695 481 1760 rectas
511 1687 576 1761 DP
606 1688 699 1783 (sive
723 1689 809 1784 AD)
841 1691 921 1780 DY,
935 1690 1019 1782 DX,
1035 1688 1104 1762 DV

57 1796 233 1870 continue
249 1797 553 1894 proportionales.

105 1910 155 1985 Et
171 1915 289 1988 cubus
313 1938 336 1988 a
360 1916 445 2005 DX,
463 1916 606 1990 minore
629 1917 845 2011 mediarum,
864 1919 998 2016 duplus
1019 1918 1105 1992 cubi

57 2024 175 2100 aDVs
228 2028 357 2126 ltaque
373 2029 545 2103 iuventus
562 2042 618 2104 est
636 2044 692 2105 est
710 2033 826 2106 cubus
839 2031 971 2130 duplus
986 2032 1072 2106 cubi
1082 2056 1106 2104 a

57 2137 137 2212 DV.
189 2140 302 2216 Quod
319 2153 400 2216 erat
415 2143 637 2217 laciendum.

106 2251 283 2350 Sequitur
298 2254 385 2329 hinc
403 2254 540 2329 cubum
557 2256 604 2330 ab
621 2256 690 2330 AD
709 2254 862 2354 duplum
880 2279 961 2331 esse
978 2255 1064 2329 cubi
1082 2280 1106 2329 a

58 2361 134 2456 DY,
149 2365 271 2457 idest,
287 2379 331 2441 ut
349 2376 372 2442 8
389 2366 438 2441 ad
454 2379 490 2443 4.

113 2481 243 2555 Praxis
269 2481 445 2555 facillima
470 2492 539 2556 cst.
581 2482 680 2556 Nam
710 2481 898 2581 descripto
922 2480 1105 2578 quadrato

56 2598 204 2682 ABCD‚
221 2606 259 2669 et
275 2604 423 2692 sumpta
436 2595 511 2686 AS,
529 2595 613 2669 sinu
630 2605 679 2670 45
697 2596 880 2693 graduum
895 2625 906 2682 ;
933 2605 973 2669 et
989 2595 1106 2670 divisa

57 2713 117 2787 SD
134 2709 305 2785 bifariam
321 2707 361 2781 iu
376 2708 420 2798 T,
438 2707 598 2782 circulus
615 2720 746 2783 centro
765 2710 811 2803 Τ,
828 2709 1023 2784 intervallo
1039 2708 1105 2782 TV

57 2826 273 2923 descriptus,
301 2821 477 2896 transibit
510 2844 577 2916 per
605 2822 656 2912 X,
667 2823 714 2911 Y,
745 2822 887 2898 medias
919 2822 1105 2921 quaesitas.

56 2940 124 3014 Vel
142 2940 211 3012 sic:
228 2959 253 3009 a
268 2945 406 3032 puncto
425 2935 452 3008 S
470 2933 628 3007 ducatur
644 2935 964 3032 perpendicularis
977 2958 1104 3025 secans

56 3049 326 3133 semicirculum
350 3047 577 3145 descriptum
600 3048 705 3121 radio
729 3048 806 3138 oV,
827 3049 963 3122 iterum
987 3047 1028 3119 in
1051 3047 1104 3131 Z;

57 3176 94 3241 ct
114 3165 172 3241 PZ
197 3161 379 3261 producta
404 3160 545 3234 incidet
565 3161 606 3234 in
627 3161 673 3250 Y,
691 3170 872 3257 puuctum
895 3159 1104 3255 quaesitum.

57 3281 123 3353 Est
140 3277 239 3351 enim
256 3273 414 3370 angulus
427 3273 520 3346 VZP
533 3273 572 3346 in
590 3273 823 3347 semicirculo
840 3284 978 3346 rectus.

64 3409 67 3413 ⁴
107 3391 248 3465 Contra
268 3387 350 3461 haec
367 3386 550 3482 objiciunt
581 3386 792 3482 algebristae
822 3385 916 3459 duos
941 3383 1104 3458 calculos

57 3503 333 3580 arithmeticos:
351 3523 509 3597 quorum
521 3500 663 3597 primus
674 3510 730 3573 est
741 3498 924 3573 iohannis
933 3498 1103 3587 Wallisii‚

58 3615 277 3716 professoris
294 3613 509 3710 geometriae
527 3612 703 3687 Saviliani
726 3613 766 3687 in
784 3611 988 3687 Academia
1004 3612 1102 3685 Oxo·

58 3729 191 3818 nicusi,
208 3727 314 3802 talis:

108 3849 132 3885 “
145 3844 329 3917 Ponamus
359 3838 520 3927 Dv=r,
549 3836 716 3934 adeoque
746 3838 823 3912 DA
855 3838 915 3914 rel
947 3838 1104 3912 DP=2.

99 4129 118 4164 ὓ
133 4119 314 4194 “dungatnr
324 4114 397 4186 Yx,
409 4132 508 4174 secans
522 4111 639 4189 asini.
663 4110 750 4173 Secta
763 4121 861 4172 autam
871 4120 915 4171 est
924 4111 984 4169 PX
994 4130 1012 4170 a
1024 4120 1104 4170 recta

58 4215 113 4275 αΤ
125 4213 269 4272 bifariam.
311 4210 393 4287 Ergo
413 4210 501 4267 ducta
514 4207 584 4277 XT,
606 4215 636 4266 et
649 4207 799 4284 producta,
820 4207 930 4265 incidet
942 4205 974 4262 in
989 4205 1021 4262 Z.
1063 4205 1105 4262 Et

59 4307 116 4365 XZ
129 4305 248 4383 aequalis
269 4313 315 4364 est
337 4303 478 4362 diametm
492 4300 562 4359 Yv.
604 4299 685 4377 Ergo
706 4309 766 4359 tam
781 4300 829 4358 Tc
842 4317 929 4376 qnam
943 4298 988 4356 Ti
1000 4308 1044 4357 est
1058 4317 1103 4357 se·

59 4401 154 4467 missis
166 4408 254 4460 rectu
268 4397 341 4470 VK,
355 4406 387 4457 ot
405 4396 527 4474 proinde
540 4395 618 4455 inter
631 4414 662 4456 se
675 4394 807 4471 aquales.
849 4393 890 4452 Et
903 4392 1011 4470 anguli,
1020 4391 1103 4474 eto.”

59 4493 137 4554 Edit
156 4495 243 4554 1662.
