2618 5092
269 671 596 724 nnrnnnmmcn
618 672 863 726 annianum.
1046 655 1095 735 73

66 862 211 937 sequens,
222 840 323 913 ratio
340 839 566 937 aequalitatis
583 862 759 935 superans
774 840 957 913 rationem
971 840 1094 937 defec-
1130 869 1281 911 unrocus

64 965 120 1042 tur,
151 977 230 1026 non
265 964 345 1024 tam
381 953 561 1025 rationem
597 952 766 1049 defectus
800 966 949 1049 superat
985 978 1095 1049 quam
1134 951 1278 1053 ᾧ

61 1067 231 1163 desectum
258 1065 428 1155 rationis,
456 1065 495 1137 id
520 1076 588 1154 est,
619 1065 803 1161 differtum
832 1066 1096 1162 magnitudinis

61 1205 122 1277 qun
136 1179 278 1276 aequari
293 1178 414 1275 possit
431 1202 515 1251 cum
534 1202 577 1251 eo
595 1179 742 1274 quicum
759 1192 1005 1276 comparatur.

101 1294 148 1367 B.
172 1292 321 1367 Videris
344 1292 417 1365 hoc
438 1294 545 1382 velle,
562 1293 602 1365 in
620 1294 892 1389 comparatione
909 1294 1095 1367 rationum

60 1407 257 1504 promiscue
268 1406 475 1502 computari
490 1428 662 1478 excessua
675 1417 714 1477 et
726 1404 915 1501 desectus:
929 1407 1097 1481 similiter

60 1545 97 1593 ae
116 1521 146 1593 si
165 1520 248 1616 quis
270 1519 412 1592 habens
437 1519 495 1592 sui
519 1518 603 1591 aeris
627 1517 759 1614 viginti
784 1519 908 1608 librae,
929 1531 968 1592 et
988 1519 1097 1593 alieni

60 1633 221 1722 totidem,
251 1644 465 1705 numeraret
493 1630 708 1704 indistincte
732 1654 912 1705 summam
940 1633 1097 1730 quadra-

60 1747 156 1843 ginta
172 1745 364 1834 lihrarum‚
380 1769 465 1818 cum
481 1745 633 1818 deberet
649 1768 842 1819 numerare
859 1746 982 1820 nihii·

102 1859 152 1932 A.
178 1858 239 1932 Ita
256 1869 325 1932 est.

103 1974 152 2046 B.
180 1971 256 2045 Sed
272 1969 377 2057 illud,
402 1970 583 2042 rationem
610 1970 779 2068 desectus
806 1994 889 2044 eme
916 1971 1099 2069 defectum

62 2085 227 2174 rationis,
262 2083 311 2158 ad
337 2083 681 2157 mathematicorum
716 2108 823 2158 aures
858 2084 1010 2158 accedet
1042 2086 1099 2159 in-

64 2211 211 2272 suetum.

104 2311 152 2385 A.
180 2308 304 2384 Credo
320 2307 390 2382 tibi
406 2307 489 2382 hoo.
541 2310 716 2383 Attamen
733 2333 862 2383 verum
889 2332 969 2384 esse
993 2310 1101 2384 facile

63 2447 246 2520 agnosces,
273 2422 305 2495 si
332 2421 613 2508 animadvertas,
641 2422 788 2519 quando
818 2423 901 2498 duae
928 2424 1099 2513 rationes

63 2551 211 2634 utraque
228 2533 384 2608 minoris
400 2533 449 2607 ad
465 2536 655 2632 majorem,
681 2548 963 2634 componuntur,
987 2539 1117 2612 ratio·¹

65 2672 139 2723 nem
158 2648 238 2722 fieri
256 2647 449 2720 minorem.

105 2762 152 2835 B.
178 2762 321 2834 Vemm
351 2771 421 2847 est,
448 2771 485 2833 et
515 2773 714 2858 propterea
741 2787 905 2853 necesse,
935 2774 977 2838 ut
1005 2766 1105 2840 ratio

64 2875 220 2972 desectus
248 2875 300 2946 eit
329 2873 496 2970 defectus
516 2875 690 2948 rationis.
744 2878 983 2953 Quantitates
1005 2879 1103 2951 enim

65 3012 183 3062 omnes
218 2985 385 3083 ejusdem
419 2988 565 3083 generis
598 2989 826 3086 compositae,
857 2991 1104 3087 quantitatem

49 3101 197 3176 ’faciunt
223 3101 415 3196 majorem.
466 3101 588 3174 Etiam
615 3100 780 3175 defectus
804 3103 835 3176 si
857 3103 1017 3176 defectui
1040 3102 1104 3176 ad-

65 3216 177 3304 datur,
194 3216 261 3288 fiet
279 3213 446 3287 defectus
462 3216 592 3311 major,
622 3227 659 3289 et
677 3229 802 3290 tamen
819 3217 914 3290 ratio
932 3216 1031 3289 facta
1048 3228 1104 3289 est

64 3331 197 3409 minor:
224 3352 270 3401 ex
296 3350 369 3423 quo
386 3328 622 3402 manifestum
640 3329 814 3426 estquod
831 3329 967 3419 dixisti,
985 3329 1103 3402 ratio-

62 3468 136 3516 nem
165 3441 339 3540 defectus
368 3463 449 3513 erae
480 3441 662 3540 desertum
687 3441 870 3525 retineam·
893 3453 938 3516 ut
964 3443 1026 3538 qui
1053 3467 1104 3516 aes

61 3557 218 3630 alienum
235 3555 301 3629 aeri
314 3553 419 3627 addit
431 3553 564 3645 alieno,
582 3565 687 3630 tanto
700 3556 743 3629 fit
755 3556 951 3654 pauperior
965 3568 1105 3654 quanto

60 3671 137 3766 plns
153 3669 268 3744 habet
285 3668 368 3740 aeris
385 3667 507 3742 alieni.

104 3782 152 3858 A.
181 3783 302 3856 Recte
324 3781 437 3877 capis.
491 3781 690 3856 Sciendum
707 3796 886 3880 praeterea
909 3796 977 3874 est,
1002 3809 1106 3881 mag-

59 3897 245 3972 nitudines
272 3895 470 3985 rationum,
499 3907 577 3969 tam
599 3894 767 3992 dffe'ctua
784 3920 895 3992 quam
917 3921 1104 3986 excessua,

58 4008 297 4084 determinari
314 4032 381 4105 per
402 4009 696 4105 magnitudinem
719 4010 945 4106 differentioe
955 4040 970 4095 ;
994 4011 1105 4107 idque

59 4123 267 4222 dupliciter.
320 4121 447 4195 Potest
465 4123 564 4195 enim
578 4122 787 4197 differentia
805 4126 1030 4199 considerari
1046 4124 1105 4197 vel
1162 4206 1166 4225 Ι

58 4236 239 4325 absolute,
258 4247 302 4307 ut
321 4258 406 4307 cum
423 4234 580 4308 dicimus
598 4236 844 4332 comparando
869 4247 893 4310 6
911 4250 949 4311 et
967 4248 1002 4326 3,
1028 4261 1106 4308 ma-

55 4352 173 4448 jorem
191 4371 271 4422 esse
296 4356 320 4419 6
340 4371 449 4444 quam
468 4358 491 4422 3
511 4349 630 4422 tribus
647 4350 876 4436 unitatibus3
903 4373 986 4446 qnae
1002 4349 1107 4421 diffe-

58 4465 177 4538 rentia
194 4475 253 4537 est
269 4484 445 4534 numerus
467 4462 681 4536 absolutus:
707 4462 765 4535 vel
782 4462 1043 4560 comparative,
1063 4474 1107 4535 ut

59 4602 141 4652 cum
172 4577 332 4652 dicimus
359 4575 540 4671 majorem
567 4600 646 4650 esse
674 4585 697 4648 6
725 4600 833 4672 quam
860 4586 883 4650 3
913 4576 1107 4673 suiipsius
