2640 5092
365 652 420 706 nn
440 651 611 705 urruns
628 649 765 703 nurus.
1010 632 1083 698 269

36 815 206 891 rentibus
238 818 495 904 marmoribus,
527 816 611 891 talis
649 815 721 889 erit
754 810 953 910 pyramidis
986 810 1083 884 illius

35 931 168 1026 figura,
187 928 331 1027 qualem
358 929 509 1004 definiet
538 929 698 1002 ambitus
724 923 980 1000 intersecantis
1001 947 1083 996 eam

35 1042 243 1116 marmoris.
286 1042 448 1117 Conatus
465 1067 554 1139 ergo
572 1056 793 1138 punctorum
811 1038 975 1112 omnium
992 1060 1084 1132 pon-

35 1154 247 1228 derantium
264 1157 530 1252 propagabitur
557 1154 604 1228 ad
634 1152 864 1250 superficiem
891 1150 1084 1224 marmoris

36 1267 248 1364 superioris,
261 1279 458 1364 antequam
472 1267 587 1365 possit
599 1267 795 1364 propagari
806 1265 971 1351 ulterius,
982 1275 1084 1360 puta,

36 1380 84 1454 ad
115 1391 264 1454 terram.
315 1382 513 1477 Postquam
543 1391 666 1452 antem
695 1388 850 1452 conatus
876 1375 923 1450 ad
946 1389 1084 1449 terram

34 1505 262 1589 propagatus
295 1492 418 1582 fuerit,
452 1517 516 1567 aer
546 1516 671 1566 rursus
704 1515 771 1588 per
796 1490 975 1564 resultum
999 1489 1085 1563 inde

36 1605 234 1679 conabitur
267 1607 469 1680 secundum
503 1606 650 1680 easdem
677 1619 778 1678 retro
801 1614 920 1677 rectas
949 1603 998 1676 ad
1025 1627 1085 1676 su·

35 1718 225 1816 perficiem
253 1719 463 1794 inferiorem
497 1719 681 1793 inferioris
715 1717 919 1791 marmoris.
988 1716 1085 1789 Nam

36 1830 244 1905 incidentes
282 1832 606 1929 perpendiculares
640 1830 995 1929 perpendiculariter
1029 1853 1087 1902 re-

36 1944 250 2017 flectuntur.
313 1943 499 2019 Quoniam
531 1968 620 2040 ergo
648 1967 810 2017 marmor
839 1941 1006 2038 superins
1034 1942 1089 2014 ita

36 2080 256 2154 suspensum
272 2068 340 2147 est,
355 2069 397 2132 ut
411 2059 536 2132 conari
550 2058 722 2131 deorsum
736 2080 812 2129 non
825 2056 953 2152 possit,
965 2054 1086 2127 omnis

36 2184 194 2245 conatus
224 2169 415 2243 innitentis
443 2170 643 2267 pyramidis
669 2171 819 2243 sistetur
840 2169 879 2241 in
902 2190 1086 2240 marmore

37 2282 240 2379 superiore.
302 2282 388 2356 Non
424 2307 513 2379 ergo
552 2282 818 2381 propagabitur
851 2280 900 2354 ad
933 2293 1082 2353 terram.

37 2394 171 2492 Neque
188 2418 277 2491 ergo
293 2395 357 2468 fiet
374 2396 532 2470 resultus
552 2396 600 2469 ad
618 2418 779 2468 marmor
795 2394 959 2466 inferius.
999 2393 1084 2466 Non

36 2531 127 2604 ergo
152 2507 271 2580 oritur
296 2531 319 2580 a
341 2508 483 2581 resultu
508 2510 677 2582 conantis
700 2507 967 2603 atmosphaerae,
986 2505 1085 2602 quod

36 2643 202 2693 marmor
220 2620 371 2694 inferius
388 2621 442 2694 ita
459 2633 699 2711 sustentatur,
713 2635 756 2694 ut
773 2645 796 2693 a
813 2632 988 2694 contactu
1001 2643 1086 2693 cum

37 2734 228 2829 superiore
245 2756 318 2806 non
338 2745 539 2830 separetur.

90 2844 141 2918 B.
169 2845 421 2918 Certissimum
457 2859 526 2920 est.
578 2846 637 2920 llli
670 2858 806 2934 autem,
842 2847 904 2942 qui
937 2869 1086 2919 causam

37 2960 119 3056 ejus
141 2958 255 3032 talem
279 2958 533 3050 reddiderunt,
551 2983 625 3033 non
644 2974 750 3033 erant
767 2960 922 3033 fortasse
939 2984 1087 3056 geome-

36 3085 116 3146 trae.
180 3071 300 3146 Miror
324 3084 448 3146 tamen
483 3074 770 3170 paralogismum
798 3073 897 3146 hunc
927 3096 1002 3146 non
1031 3074 1086 3145 vi-

37 3186 137 3260 disse
160 3184 372 3281 geometriae
401 3185 638 3281 professores,
657 3186 720 3282 qui
739 3186 992 3259 reflectionnm
1009 3186 1087 3260 vias

37 3299 214 3396 ignorare
247 3319 322 3369 non
357 3296 574 3371 debuerunt.
639 3298 713 3371 Sed
740 3298 795 3371 vis
829 3299 892 3372 illa
924 3299 1086 3388 elastica,

38 3435 151 3508 qnam
169 3411 208 3483 iu
226 3433 310 3483 aere
330 3433 410 3483 esse
428 3409 568 3500 dicunt,
585 3411 724 3485 nihilne
739 3411 787 3483 ad
800 3435 962 3484 marmor
979 3413 1087 3485 susti·

37 3522 203 3598 nendum
221 3521 389 3596 conferre
407 3523 555 3619 potest?

87 3636 136 3709 Α.
164 3636 267 3709 Nihil
294 3637 455 3709 omnino.
510 3637 596 3710 Non
627 3637 725 3709 euim
758 3647 912 3709 conatus
938 3635 976 3708 in
1002 3660 1087 3710 aere

38 3763 94 3825 est
120 3749 218 3823 ullus
240 3748 289 3821 ad
311 3761 479 3822 centrum
505 3763 613 3823 terrae
640 3750 757 3846 magis
781 3773 891 3846 quam
917 3749 1088 3822 adalind

38 3862 196 3960 quodvis
213 3875 391 3959 punctum
414 3863 586 3936 universi.
639 3863 826 3938 Quoniam
843 3863 940 3935 enim
958 3863 1088 3958 gravia

38 3975 166 4050 omnia
192 3974 350 4048 tendunt
380 3999 402 4048 a
426 3975 723 4049 circumferentia
752 3976 1009 4071 atmosphaerae
1038 3974 1087 4047 ad

38 4102 210 4163 centrum
228 4101 350 4176 terrae,
370 4102 406 4161 et
435 4089 520 4162 inde
547 4114 673 4163 rursus
689 4090 737 4163 ad
754 4089 1087 4163 circumferentiam

39 4203 309 4299 atmosphaerae,
336 4226 401 4298 per
427 4202 574 4276 easdem
601 4204 716 4276 lineas
742 4204 908 4291 reflexas,
932 4214 1087 4274 conatus

39 4338 184 4389 sursum
219 4315 369 4387 conatui
393 4315 562 4388 deorsum
591 4317 741 4413 aequalis
767 4321 848 4406 erit,
872 4328 909 4388 et
932 4316 1087 4411 proinde

40 4443 170 4503 mutuo
184 4451 224 4500 se
237 4428 460 4524 perimentes
478 4443 609 4502 neutra
627 4431 860 4503 conabuntur
876 4429 946 4501 via.
986 4429 1087 4502 Quin

41 4566 137 4640 aqua
153 4539 280 4639 gravis
297 4540 357 4630 sit,
370 4564 445 4615 non
464 4542 678 4628 dubitatur3
696 4556 732 4617 et
750 4541 930 4639 siquidem
947 4541 1087 4615 homiui
