2618 5092
432 637 765 692 snounranuuu.
1040 626 1113 690 423

72 802 163 891 dam,
189 811 231 875 et
260 801 316 875 sic
342 802 388 876 de
411 803 565 893 cauteria,
589 815 632 876 ut
660 804 831 877 diximus.
882 804 967 877 Non
990 817 1112 877 autem
1149 832 1216 873 cm.
1229 831 1292 872 xm.

72 915 247 1012 intelligit
278 915 379 988 illam
411 916 559 1013 duplam
587 941 666 991 esse
693 918 813 1014 hujuS,
845 942 891 991 ne
922 919 1113 991 theorema
1140 899 1292 1006 ὦ

72 1040 310 1126 proponeret,
329 1030 429 1127 quod
446 1033 578 1104 merito
595 1032 774 1128 quispiam
792 1032 993 1105 concedere
1010 1056 1113 1105 recu·
1140 1027 1231 1072 ⁰⁸¹⁰¹¹¹⁰·

73 1155 177 1217 soret.
234 1142 330 1217 Quis
348 1144 444 1218 enim
463 1145 668 1235 affirmabit,
687 1147 725 1217 in
753 1145 809 1218 his
836 1147 998 1218 numeris
1024 1171 1112 1219 con-

72 1257 172 1330 tinue
186 1259 538 1354 proportionalibus
550 1268 761 1347 25—5-1,
774 1260 1052 1354 proportionem
1064 1267 1111 1332 25

72 1371 115 1444 ad
136 1381 152 1445 l
176 1372 331 1467 duplam
347 1395 426 1446 esse
443 1373 693 1469 proportionis
717 1381 764 1445 25
789 1372 838 1445 ad
864 1382 911 1445 5:
939 1396 1023 1447 cum
1049 1397 1113 1469 po·

72 1484 141 1558 tius
159 1508 244 1557 eam
263 1485 345 1579 quis
362 1485 496 1558 dixerit
513 1509 593 1558 esse
610 1485 842 1581 quintuplam
859 1485 894 1557 ?'’

73 1640 76 1645 ·
117 1598 163 1671 ln
181 1598 255 1670 illis
281 1598 345 1693 qui
369 1610 513 1694 putant,
531 1599 660 1694 positis
685 1598 803 1671 tribus
829 1597 1002 1670 continue
1028 1620 1112 1692 pro-

70 1711 351 1806 portionalibus,
369 1712 549 1785 rationem
575 1712 684 1808 primi
711 1711 759 1784 ad
786 1711 936 1785 tertium
964 1709 1112 1805 duplam

70 1848 148 1898 esse
182 1824 339 1898 rationis
371 1825 481 1922 primi
515 1825 562 1898 ad
597 1825 823 1908 secundum
859 1824 948 1896 item
981 1822 1112 1918 positis

70 1951 230 2034 quatuor
248 1938 597 2035 proportionalibus,
615 1939 794 2011 rationem
811 1937 920 2033 primi
938 1935 985 2009 ad
1003 1958 1113 2032 quar-

68 2062 149 2125 tum
166 2051 318 2147 triplam
336 2074 414 2124 esse
437 2051 546 2147 primi
562 2050 610 2123 ad
635 2050 849 2138 secundum,
866 2050 930 2122 ubi
952 2049 1111 2145 primum

68 2174 125 2236 est
149 2163 316 2236 omnium
334 2164 556 2236 maximum:
585 2163 696 2235 etiarn
714 2187 783 2258 ego
800 2185 893 2235 sum.
944 2160 1112 2255 Exempli

66 2276 215 2372 gratia:
247 2277 287 2349 in
302 2275 358 2348 his
371 2277 544 2366 numeris,
560 2283 821 2364 8-4-2-1,
836 2275 918 2348 dico
932 2275 1112 2347 rationem

66 2397 92 2462 8
109 2388 157 2462 ad
181 2399 195 2464 l
218 2412 298 2462 esse
314 2388 462 2485 triplam
487 2388 641 2461 rationis
658 2394 680 2460 8
699 2389 747 2461 ad
764 2401 810 2473 43
838 2400 876 2461 et
898 2386 1109 2483 sesquialte-

66 2526 148 2576 ram
165 2504 362 2576 rationis8
386 2502 435 2575 ad
451 2511 500 2587 2;
528 2514 566 2574 et
588 2503 769 2575 rationem
795 2511 818 2576 8
844 2503 891 2575 ad
915 2513 938 2575 2
963 2499 1112 2596 duplam

64 2616 321 2689 esserationis
338 2625 361 2689 8
379 2615 427 2687 ad
444 2626 480 2688 4.
533 2615 619 2688 Non
637 2616 755 2688 solum
771 2615 857 2711 quia
873 2613 1043 2687 Euclides
1058 2636 1112 2684 ra-

67 2728 189 2803 tiones
213 2728 296 2801 illas
323 2728 527 2825 triplicatus
544 2726 604 2800 vel
628 2728 833 2824 duplicatas
856 2726 1029 2824 appellat,
1048 2724 1114 2797 sed

61 2843 158 2938 ·quia
174 2866 303 2915 verum
322 2856 390 2930 est,
409 2854 448 2914 et
464 2841 601 2914 lumine
624 2843 782 2914 naturali
809 2866 913 2938 aeque
942 2839 1113 2913 manifes-

63 2968 149 3030 tum
168 2980 212 3029 ac
229 2980 344 3029 unum
362 2967 400 3029 et
417 2979 532 3028 unum
550 2979 628 3028 esse
646 2956 731 3042 duo,
749 2968 815 3028 aut
837 2979 952 3027 unum
978 2965 1015 3026 et
1037 2952 1111 3023 duo

68 3093 150 3142 esse
167 3069 251 3142 tria.

118 3183 200 3257 Vox
215 3206 288 3278 qua
296 3181 414 3255 utitur
426 3182 497 3255 hoc
511 3183 593 3256 loco
607 3181 790 3271 Euclides,
802 3204 933 3276 nempe
946 3191 1110 3275 διπλασίων,

68 3310 106 3371 et
124 3297 283 3370 vertitur
300 3320 323 3369 a
339 3296 466 3369 Clavio
488 3295 695 3393 duplicata,
713 3295 793 3369 aliis
819 3295 858 3368 in
885 3295 973 3367 locis
994 3296 1110 3370 utitur

65 3433 135 3506 pro
153 3409 278 3505 dupla.
330 3408 451 3482 Primo
478 3408 516 3481 in
535 3409 642 3502 Prop.
661 3416 721 3482 20.
743 3408 858 3480 Elem.
877 3407 927 3479 iii.
979 3408 1111 3506 Itaque

64 3524 224 3620 angulus
242 3523 279 3595 in
295 3534 435 3611 centro,
448 3546 524 3595 non
542 3521 662 3594 minus
678 3522 813 3594 dicitur
826 3520 1033 3616 duplicatus
1044 3548 1109 3595 an-

65 3635 145 3734 guli
163 3637 201 3709 in
220 3635 526 3723 circumferentia,
545 3657 654 3730 quam
671 3634 815 3730 duplus.
851 3634 971 3706 Etiam
986 3659 1009 3707 a
1027 3636 1109 3709 Cla-

65 3751 127 3823 vio
143 3749 302 3822 vertitur
317 3772 390 3821 vox
416 3748 478 3820 illa
495 3748 624 3820 Graeca
642 3757 795 3817 διπλασίων
812 3770 885 3820 non
909 3747 1018 3821 modo
1043 3775 1109 3844 per

66 3862 221 3961 duplex,
239 3861 303 3934 sed
321 3861 433 3935 etiam
450 3885 516 3958 per
533 3858 693 3958 duplam:
712 3861 751 3933 in
763 3861 1014 3957 propositione
1029 3863 1108 3958 ipsa

66 3977 161 4049 etin
179 3975 414 4049 conclusione
431 3998 497 4071 per
515 3973 667 4073 duplex,
686 3974 826 4047 scilicet
844 3998 891 4047 ne
915 3973 1108 4048 dissentire

64 4087 255 4162 videretur
270 4089 471 4184 propositio
489 4112 511 4160 a
530 4088 763 4162 conclusione
779 4119 788 4171 ;
816 4088 935 4160 sedin
959 4087 1108 4162 demon-

63 4202 256 4290 stratione,
274 4224 342 4298 per
359 4201 506 4299 duplus.
535 4201 575 4273 Si
594 4225 682 4296 ergo
697 4199 938 4298 duplicatum,
958 4199 1108 4298 duplex,

60 4327 103 4389 et
120 4314 288 4413 duplum,
312 4315 350 4386 in
374 4314 641 4410 quantitatibus
665 4336 740 4386 non
763 4311 861 4385 idem
886 4311 1108 4406 significant,

64 4453 139 4504 non
154 4427 282 4501 debuit
300 4425 371 4500 illis
387 4428 444 4501 uti
462 4440 505 4499 ut
522 4425 621 4499 idem
638 4424 941 4522 significantibus.

114 4543 259 4617 Rursus
281 4541 321 4614 in
346 4540 599 4637 propositione
624 4540 753 4613 ultima
779 4537 894 4612 Elem.
913 4539 962 4626 ix,
980 4539 1108 4624 eadem
