2618 5092
256 1555 498 1640 CONTRA
531 1555 912 1639 GEOMETRAS.

106 2097 285 2171 Coum
313 2107 535 2193 geometras,
566 2096 684 2170 amice
717 2095 845 2181 lector,
875 2117 949 2167 non
978 2106 1109 2168 contra

58 2208 301 2306 geometriam
337 2209 417 2282 haec
452 2209 584 2284 scribo.
650 2209 781 2282 Artem
815 2208 945 2305 ipsam,
972 2209 1110 2280 artium

60 2322 273 2419 navigandi,
308 2321 529 2412 aedificandi,
562 2320 753 2421 pingendi,
785 2321 1037 2418 computandi,
1073 2331 1111 2394 et

60 2433 220 2532 denique
255 2435 431 2523 (scientiae
463 2435 628 2509 omnium
663 2434 916 2528 nobilissimae)
947 2434 1109 2531 physicae

60 2560 231 2637 matrem,
246 2571 351 2645 aeque
367 2571 411 2622 ac
422 2548 486 2645 qui
503 2549 661 2622 maxime
678 2546 848 2622 laudibus
861 2547 1110 2622 extollendam

62 2684 206 2735 censeo.

110 2775 302 2848 Caeterum
318 2772 382 2847 ubi
398 2785 599 2870 geometrae
610 2773 786 2848 encomiis
800 2775 890 2848 artis
901 2798 1011 2871 quam
1025 2799 1110 2873 pro-

62 2889 226 2978 fitentur,
251 2888 420 2985 imperite
447 2912 496 2961 au
523 2900 642 2962 astute
669 2888 807 2972 nescio,
830 2911 915 2961 suas
946 2888 1110 2985 ipsorum

62 3001 191 3075 laudes
219 3001 441 3087 immiscent,
457 3000 601 3075 licitum
628 3001 731 3090 mihi,
748 3013 853 3097 puto,
880 3001 952 3074 erit
979 3000 1110 3074 distin-

61 3137 188 3210 guere.
243 3113 439 3188 Quomodo
467 3125 590 3187 autem
614 3114 808 3187 scientiam
834 3114 930 3187 hanc
959 3111 1109 3186 laudare

61 3227 205 3301 soleant
222 3226 389 3323 magistri
402 3229 493 3324 ejus,
509 3250 554 3300 ex
571 3251 647 3300 uno
662 3227 788 3301 Olario
806 3227 1012 3323 intelligere
1025 3250 1110 3322 pos-

61 3361 202 3427 sumus,
220 3337 395 3413 laudante
418 3339 520 3414 illam
546 3340 586 3413 in
612 3340 884 3438 Prolegomenis
910 3339 960 3414 ad
985 3340 1109 3413 Eucli-

62 3453 147 3527 dem
163 3452 237 3525 hoc
253 3451 386 3525 modo:
413 3453 490 3528 “si
506 3476 594 3526 vero
614 3453 785 3527 nobilitas
802 3465 915 3550 atque
931 3465 1110 3548 praestan·

61 3567 114 3640 tia
131 3564 297 3639 scientiae
315 3588 361 3638 ex
373 3564 596 3639 certitudine
609 3564 966 3639 demonstrationum
976 3566 1109 3662 quibus

61 3680 193 3763 utitur,
220 3678 270 3751 sit
298 3677 522 3774 judicanda:
558 3677 658 3752 haud
694 3677 805 3752 dubio
839 3678 1109 3752 mathematicae

62 3791 266 3889 disciplinae
282 3791 379 3865 inter
393 3805 546 3866 caeteras
563 3815 689 3865 omnes
702 3791 907 3889 principem
920 3793 1110 3866 habebunt

61 3907 197 3981 locum.
242 3905 506 3979 Demonstrant
530 3906 628 3979 enim
652 3906 787 3995 omnia,
805 3905 851 3980 de
872 3906 1005 4004 quibus
1030 3930 1110 3979 sus-

62 4021 207 4118 cipiunt
234 4019 533 4116 disputationem,
550 4019 767 4093 firmissimis
787 4020 1003 4107 rationibus,
1022 4042 1109 4090 con-

61 4136 286 4230 firmantque
303 4131 356 4206 ita
372 4143 414 4205 ut
430 4156 515 4207 vere
528 4133 720 4206 scientiam
738 4132 778 4206 in
794 4132 972 4206 auditoris
985 4131 1109 4204 animo

62 4248 230 4345 gignant,
250 4268 469 4343 omnemque
486 4269 638 4343 prorsus
662 4244 930 4319 dubitationem
954 4243 1108 4317 tollant:

62 4361 101 4435 id
117 4359 219 4459 quod
236 4359 317 4433 aliis
330 4359 493 4434 scientiis
509 4361 572 4433 vix
595 4360 769 4449 tribuere,
788 4359 882 4432 etc.”
933 4358 980 4431 Et
998 4357 1108 4454 paulo

63 4473 182 4547 infra:
223 4473 473 4571 “Disciplinae
496 4474 767 4548 mathematicae
795 4472 988 4546 veritatem
1016 4471 1110 4545 adeo

63 4597 256 4685 expetunt,
285 4586 472 4676 adamant,
507 4587 767 4683 excoluntque,
801 4598 844 4660 ut
880 4609 957 4661 non
991 4587 1109 4660 solum
