2618 5092
218 634 291 700 288
535 646 591 701 DE
610 645 782 703 Nasum
798 644 938 701 Attms.

267 814 317 888 A.
343 814 398 887 Ex
415 815 495 911 ipsa
510 812 652 890 videbis
668 812 891 889 refutatione
907 836 992 909 quta
1008 808 1181 909 sequitur.
1236 844 1239 855 ·

269 931 292 964 “
307 927 458 1001 Summa
488 928 672 1004 dictorum
700 926 738 1001 in
767 922 1144 1023 pseudodiplasiasmo
1170 922 1238 997 culi

217 1062 370 1136 nupero,
384 1041 547 1115 rescissis
564 1065 647 1138 quae
664 1050 746 1114 tum
762 1040 801 1113 in
818 1039 1006 1113 schemate
1022 1050 1105 1113 tum
1119 1036 1157 1111 in
1168 1060 1237 1113 oon

217 1153 478 1226 structionibus
496 1167 583 1228 sunt
600 1152 796 1250 superflua,
812 1152 892 1227 haeo
908 1162 977 1225 est.

267 1270 291 1303 “
302 1265 701 1360 ExpositaADreen·
711 1264 949 1341 continuetur
960 1262 1067 1353 adV,
1075 1272 1119 1337 ut
1133 1257 1240 1337 sitDl

217 1378 358 1451 semissi
389 1391 501 1453 rectae
526 1379 599 1453 AD
629 1379 792 1475 aequalis.
844 1376 983 1452 centro
1009 1376 1057 1465 A,
1087 1373 1243 1449 distanu'a

216 1491 303 1579 AD,
321 1491 504 1565 scribatur
521 1492 594 1566 DO
612 1490 740 1566 circuli
759 1488 956 1587 quadrans,
968 1487 1130 1561 bisectus
1144 1486 1183 1561 in
1196 1486 1242 1571 m

217 1614 256 1675 et
285 1604 352 1679 QS
381 1617 493 1678 reotae
519 1605 594 1679 ΑΙ)
620 1603 944 1702 perpendicularis.
997 1600 1147 1675 Bisecta
1171 1624 1243 1675 vero

217 1715 284 1789 SD
301 1716 340 1788 in
357 1717 400 1804 Τ,
415 1728 543 1791 centro
555 1717 599 1807 T,
616 1717 774 1792 ducatur
790 1740 858 1813 per
874 1715 909 1788 V
924 1714 1088 1789 circulus
1099 1714 1243 1789 vxrt

217 1827 286 1901 Cui
304 1841 475 1903 occurrat
487 1830 577 1919 DX,
590 1842 704 1903 rectae
717 1828 793 1903 AD
811 1824 1142 1925 perpendicularis,
1153 1826 1243 1901 inX:

215 1940 289 2014 AD
307 1941 417 2014 inY:
445 1956 483 2015 et
501 1942 627 2018 usin
645 1942 687 2015 Z.

267 2054 472 2127 “Affirmat
495 2066 616 2128 rectas
632 2054 718 2143 DY,
740 2054 832 2143 DX,
854 2050 996 2127 medias
1008 2075 1092 2127 esse
1107 2074 1247 2151 propor-

215 2165 372 2241 tionales
389 2168 488 2242 inter
504 2168 577 2242 DA
595 2179 634 2242 et
651 2168 736 2243 DV.
789 2166 902 2243 Quod
926 2166 980 2242 sio
1005 2177 1166 2241 conatur
1193 2165 1246 2241 da

215 2291 432 2354 monstrare.
1169 2367 1171 2371 y

267 2397 291 2431 “
304 2394 436 2467 Ductis
460 2395 572 2468 rectis
600 2395 688 2484 VX,
706 2393 795 2479 XY,
813 2393 884 2466 crit
910 2392 1069 2490 angulus
1085 2394 1197 2466 VXY
1216 2392 1247 2464 iu

215 2506 445 2579 semicirculo
476 2518 621 2580 rectus:
657 2506 840 2602 ductaque
862 2506 937 2579 XT
964 2517 1003 2579 et
1030 2506 1247 2591 continuata,

215 2629 365 2714 propter
384 2618 560 2691 bisectam
579 2620 645 2693 SD
667 2621 705 2693 in
722 2620 765 2707 T,
792 2629 961 2693 occurret
987 2618 1128 2694 circulo
1155 2619 1193 2692 in
1213 2618 1247 2690 Z.

216 2729 394 2826 Adeoque
413 2730 526 2805 ducta
543 2732 620 2818 YZ,
638 2733 708 2805 erit
728 2732 884 2828 angulus
902 2732 1013 2804 XYZ
1037 2732 1078 2805 in
1101 2732 1249 2806 semicir-

216 2842 301 2916 culo
319 2856 466 2917 rectus:
494 2845 646 2941 ipsaque
663 2846 730 2917 YZ
753 2856 862 2918 rectae
879 2845 956 2917 XV
972 2844 1162 2940 parallelu.

266 2955 531 3031 “Producatur
556 2958 634 3031 XD
657 2957 704 3030 ad
730 2957 770 3046 P,
800 2968 843 3030 ut
869 2957 917 3030 sit
945 2957 1015 3030 DP
1049 2968 1163 3033 rectae
1185 2957 1249 3031 AD

214 3067 377 3166 aequalis.
404 3068 444 3141 Si
461 3069 586 3165 itaque
599 3070 666 3142 YZ
682 3068 864 3165 producta
876 3081 988 3144 rectae
1006 3070 1075 3145 ΡΙ)
1090 3083 1250 3145 occurrat

214 3181 252 3253 in
270 3194 409 3278 puncto
428 3182 468 3270 P,
482 3194 590 3255 erunt
607 3183 774 3279 (propter
791 3180 924 3254 similia
941 3182 1131 3278 triangula
1143 3183 1249 3270 PDY,

57 3356 65 3373 .
213 3295 341 3382 YDX,
359 3294 490 3387 XDV)
516 3307 628 3368 recta*
645 3295 726 3385 DP,
750 3294 835 3383 DY,
865 3293 954 3384 DX,
983 3295 1058 3368 DV
1085 3297 1250 3371 continue

213 3408 518 3502 proportionales.
570 3408 619 3482 Iit
648 3420 916 3503 consequenter
950 3405 1123 3504 (propter
1149 3411 1249 3484 cubos

213 3519 252 3591 in
282 3520 425 3593 ratione
454 3521 610 3593 laterum
642 3520 844 3616 triplicata)
877 3520 994 3594 cubus
1024 3521 1153 3597 lateris
1185 3519 1250 3596 ΒΥ

214 3632 415 3729 subduplus
439 3635 524 3708 cubi
548 3634 673 3707 lateris
696 3634 763 3707 DP
790 3634 866 3706 sive
890 3633 976 3708 DA.
1028 3635 1154 3732 Atque
1175 3636 1250 3709 hae

213 3757 321 3818 tenus
338 3758 451 3819 recte.

263 3862 287 3896 “
301 3859 456 3931 Rectam
479 3871 604 3933 autem
620 3859 689 3933 YZ
714 3860 968 3933 continuatam
995 3873 1139 3956 puncto
1157 3864 1248 3938 Poc-

212 3994 372 4059 currere,
390 3972 547 4067 probare
564 3972 702 4045 frustra
718 3972 924 4046 contendit.

263 4085 419 4158 “Ducta
435 4086 515 4172 PV,
532 4096 571 4160 et
593 4085 734 4159 bisecta
758 4086 797 4157 in
815 4111 852 4175 a,
883 4084 1044 4159 ducatur
1068 4085 1124 4160 ab
1149 4094 1248 4160 recta

212 4198 285 4271 DY
301 4198 486 4295 parallela,
511 4211 623 4273 reotae
640 4199 709 4273 DP
728 4222 926 4272 occurrens
944 4198 984 4272 in
1002 4224 1046 4272 c:
1074 4213 1247 4298 rectaque

211 4311 266 4384 ab
295 4311 607 4409 perpendicularis
639 4312 715 4385 Td.
768 4311 915 4387 Bisecta
944 4335 1034 4386 vero
1065 4313 1121 4388 dc
1150 4314 1188 4387 in
1210 4333 1245 4408 g,

410 4561 427 4595 ’
449 4561 526 4620 Vide
541 4561 680 4639 Figuram
695 4560 742 4619 De
754 4559 949 4640 duplicatione
963 4559 1045 4619 Cubi.
