<?xml version="1.0" encoding="UTF-8"?>
<!DOCTYPE html PUBLIC "-//W3C//DTD XHTML 1.0 Transitional//EN"
    "http://www.w3.org/TR/xhtml1/DTD/xhtml1-transitional.dtd">
<html xmlns="http://www.w3.org/1999/xhtml" xml:lang="en" lang="en">
 <head>
  <title>
</title>
<meta http-equiv="Content-Type" content="text/html;charset=utf-8" />
  <meta name='ocr-system' content='tesseract 3.04.00' />
  <meta name='ocr-capabilities' content='ocr_page ocr_carea ocr_par ocr_line ocrx_word'/>
</head>
<body>
  <div class='ocr_page' id='page_1' title='image "./thomhobbesmalme03hobbgoog_0080.png"; bbox 0 0 2618 5092; ppageno 0'>
   <div class='ocr_carea' id='block_1_1' title="bbox 288 111 1108 175">
    <p class='ocr_par' dir='ltr' id='par_1_1' title="bbox 288 111 1108 175">
     <span class='ocr_line' id='line_1_1' title="bbox 288 111 1108 175; baseline -0.005 0"><span class='ocrx_word' id='word_1_1' title='bbox 288 124 612 175; x_wconf 74' lang='lat' dir='ltr'><strong>arauuuaramen</strong></span> <span class='ocrx_word' id='word_1_2' title='bbox 634 124 875 172; x_wconf 73' lang='lat' dir='ltr'><strong>uouruuuu.</strong></span> <span class='ocrx_word' id='word_1_3' title='bbox 1063 111 1108 171; x_wconf 72' lang='lat'><strong>‹55›</strong></span> 
     </span>
    </p>
   </div>
   <div class='ocr_carea' id='block_1_2' title="bbox 54 291 1109 4219">
    <p class='ocr_par' dir='ltr' id='par_1_2' title="bbox 54 291 1109 1518">
     <span class='ocr_line' id='line_1_2' title="bbox 96 291 1109 388; baseline -0.001 -25"><span class='ocrx_word' id='word_1_4' title='bbox 96 291 260 363; x_wconf 88' lang='lat' dir='ltr'><strong>Decima</strong></span> <span class='ocrx_word' id='word_1_5' title='bbox 289 306 403 365; x_wconf 84' lang='lat' dir='ltr'><strong>sexta</strong></span> <span class='ocrx_word' id='word_1_6' title='bbox 427 304 507 376; x_wconf 85' lang='lat' dir='ltr'><strong>est3</strong></span> <span class='ocrx_word' id='word_1_7' title='bbox 538 291 605 363; x_wconf 79' lang='lat' dir='ltr'><strong>huc</strong></span> <span class='ocrx_word' id='word_1_8' title='bbox 632 315 717 362; x_wconf 81' lang='lat' dir='ltr'><strong>uero</strong></span> <span class='ocrx_word' id='word_1_9' title='bbox 742 300 921 388; x_wconf 82' lang='lat' dir='ltr'><strong>puuctum</strong></span> <span class='ocrx_word' id='word_1_10' title='bbox 947 300 1109 363; x_wconf 81' lang='lat' dir='ltr'><em>centrum</em></span> 
     </span>
     <span class='ocr_line' id='line_1_3' title="bbox 57 403 1109 502; baseline 0.001 -26"><span class='ocrx_word' id='word_1_11' title='bbox 57 404 181 478; x_wconf 84' lang='lat' dir='ltr'><strong>circuli</strong></span> <span class='ocrx_word' id='word_1_12' title='bbox 201 404 459 502; x_wconf 58' lang='lat' dir='ltr'><strong>afflictum</strong></span> <span class='ocrx_word' id='word_1_13' title='bbox 485 404 608 494; x_wconf 87' lang='lat' dir='ltr'><strong>idest,</strong></span> <span class='ocrx_word' id='word_1_14' title='bbox 626 417 804 500; x_wconf 91' lang='lat' dir='ltr'><strong>punctum</strong></span> <span class='ocrx_word' id='word_1_15' title='bbox 823 403 922 500; x_wconf 93' lang='lat' dir='ltr'><strong>quod</strong></span> <span class='ocrx_word' id='word_1_16' title='bbox 942 403 980 476; x_wconf 91' lang='lat' dir='ltr'><strong>iu</strong></span> <span class='ocrx_word' id='word_1_17' title='bbox 997 427 1109 500; x_wconf 88' lang='lat' dir='ltr'><strong>gene-</strong></span> 
     </span>
     <span class='ocr_line' id='line_1_4' title="bbox 58 517 1109 614; baseline 0 -23"><span class='ocrx_word' id='word_1_18' title='bbox 58 518 197 591; x_wconf 80' lang='lat' dir='ltr'><strong>ratione</strong></span> <span class='ocrx_word' id='word_1_19' title='bbox 225 519 364 591; x_wconf 88' lang='lat' dir='ltr'><strong>circuli</strong></span> <span class='ocrx_word' id='word_1_20' title='bbox 391 518 616 614; x_wconf 83' lang='lat' dir='ltr'><strong>quiescebat.</strong></span> <span class='ocrx_word' id='word_1_21' title='bbox 668 517 820 591; x_wconf 84' lang='lat' dir='ltr'><strong>Decima</strong></span> <span class='ocrx_word' id='word_1_22' title='bbox 847 517 1003 613; x_wconf 87' lang='lat' dir='ltr'><strong>septima</strong></span> <span class='ocrx_word' id='word_1_23' title='bbox 1029 518 1109 591; x_wconf 85' lang='lat' dir='ltr'><strong>haec</strong></span> 
     </span>
     <span class='ocr_line' id='line_1_5' title="bbox 58 630 1109 728; baseline -0.001 -24"><span class='ocrx_word' id='word_1_24' title='bbox 58 645 131 716; x_wconf 87' lang='lat' dir='ltr'><strong>est;</strong></span> <span class='ocrx_word' id='word_1_25' title='bbox 158 631 349 704; x_wconf 78' lang='lat' dir='ltr'><strong><em>diameter</em></strong></span> <span class='ocrx_word' id='word_1_26' title='bbox 366 641 490 705; x_wconf 83' lang='lat' dir='ltr'><strong>auteur</strong></span> <span class='ocrx_word' id='word_1_27' title='bbox 506 630 641 704; x_wconf 86' lang='lat' dir='ltr'><strong>circuli</strong></span> <span class='ocrx_word' id='word_1_28' title='bbox 658 639 716 703; x_wconf 83' lang='lat' dir='ltr'><strong>eat</strong></span> <span class='ocrx_word' id='word_1_29' title='bbox 735 639 838 703; x_wconf 85' lang='lat' dir='ltr'><strong>rectu</strong></span> <span class='ocrx_word' id='word_1_30' title='bbox 854 630 1021 728; x_wconf 72' lang='lat' dir='ltr'><strong>quedam</strong></span> <span class='ocrx_word' id='word_1_31' title='bbox 1031 656 1109 728; x_wconf 78' lang='lat' dir='ltr'><strong>per</strong></span> 
     </span>
     <span class='ocr_line' id='line_1_6' title="bbox 59 743 1109 841; baseline 0 -25"><span class='ocrx_word' id='word_1_32' title='bbox 59 753 222 817; x_wconf 79' lang='lat' dir='ltr'><strong>centrum</strong></span> <span class='ocrx_word' id='word_1_33' title='bbox 239 743 368 832; x_wconf 84' lang='lat' dir='ltr'><strong>ductu,</strong></span> <span class='ocrx_word' id='word_1_34' title='bbox 386 754 424 817; x_wconf 86' lang='lat' dir='ltr'><strong>et</strong></span> <span class='ocrx_word' id='word_1_35' title='bbox 441 769 489 816; x_wconf 82' lang='lat' dir='ltr'><strong>ee</strong></span> <span class='ocrx_word' id='word_1_36' title='bbox 502 753 662 841; x_wconf 84' lang='lat' dir='ltr'><strong>utruque</strong></span> <span class='ocrx_word' id='word_1_37' title='bbox 672 753 789 841; x_wconf 76' lang='lat' dir='ltr'><strong>purte</strong></span> <span class='ocrx_word' id='word_1_38' title='bbox 808 744 846 816; x_wconf 84' lang='lat' dir='ltr'><strong>iu</strong></span> <span class='ocrx_word' id='word_1_39' title='bbox 857 743 993 817; x_wconf 85' lang='lat' dir='ltr'><strong>circuli</strong></span> <span class='ocrx_word' id='word_1_40' title='bbox 1002 744 1109 841; x_wconf 78' lang='lat' dir='ltr'><strong>peri-</strong></span> 
     </span>
     <span class='ocr_line' id='line_1_7' title="bbox 54 855 1107 955; baseline 0.002 -26"><span class='ocrx_word' id='word_1_41' title='bbox 54 855 193 952; x_wconf 76' lang='lat' dir='ltr'><strong>pheria</strong></span> <span class='ocrx_word' id='word_1_42' title='bbox 223 856 442 947; x_wconf 82' lang='lat' dir='ltr'><strong>terminata,</strong></span> <span class='ocrx_word' id='word_1_43' title='bbox 475 882 552 955; x_wconf 82' lang='lat' dir='ltr'><strong>quae</strong></span> <span class='ocrx_word' id='word_1_44' title='bbox 582 856 760 930; x_wconf 86' lang='lat' dir='ltr'><strong>circulum</strong></span> <span class='ocrx_word' id='word_1_45' title='bbox 790 856 969 955; x_wconf 68' lang='lat' dir='ltr'><strong>bifarium</strong></span> <span class='ocrx_word' id='word_1_46' title='bbox 991 868 1107 931; x_wconf 78' lang='lat' dir='ltr'><strong>secut.</strong></span> 
     </span>
     <span class='ocr_line' id='line_1_8' title="bbox 61 967 1109 1067; baseline 0.004 -26"><span class='ocrx_word' id='word_1_47' title='bbox 61 967 103 1042; x_wconf 92' lang='lat' dir='ltr'><strong>lu</strong></span> <span class='ocrx_word' id='word_1_48' title='bbox 119 993 196 1067; x_wconf 88' lang='lat' dir='ltr'><strong>qua</strong></span> <span class='ocrx_word' id='word_1_49' title='bbox 208 970 305 1044; x_wconf 89' lang='lat' dir='ltr'><strong>nihil</strong></span> <span class='ocrx_word' id='word_1_50' title='bbox 319 983 378 1043; x_wconf 85' lang='lat' dir='ltr'><strong>est</strong></span> <span class='ocrx_word' id='word_1_51' title='bbox 394 994 468 1044; x_wconf 92' lang='lat' dir='ltr'><strong>non</strong></span> <span class='ocrx_word' id='word_1_52' title='bbox 481 982 707 1058; x_wconf 88' lang='lat' dir='ltr'><strong>accuratum,</strong></span> <span class='ocrx_word' id='word_1_53' title='bbox 723 970 793 1043; x_wconf 91' lang='lat' dir='ltr'><strong>nisi</strong></span> <span class='ocrx_word' id='word_1_54' title='bbox 807 970 907 1067; x_wconf 91' lang='lat' dir='ltr'><strong>quod</strong></span> <span class='ocrx_word' id='word_1_55' title='bbox 923 985 1109 1066; x_wconf 84' lang='lat' dir='ltr'><strong>postrema</strong></span> 
     </span>
     <span class='ocr_line' id='line_1_9' title="bbox 61 1081 1108 1182; baseline 0.003 -27"><span class='ocrx_word' id='word_1_56' title='bbox 61 1083 182 1171; x_wconf 79' lang='lat' dir='ltr'><strong>rerba,</strong></span> <span class='ocrx_word' id='word_1_57' title='bbox 215 1108 304 1182; x_wconf 76' lang='lat' dir='ltr'><strong>qum</strong></span> <span class='ocrx_word' id='word_1_58' title='bbox 337 1082 517 1157; x_wconf 61' lang='lat' dir='ltr'><strong>duculum</strong></span> <span class='ocrx_word' id='word_1_59' title='bbox 550 1081 728 1181; x_wconf 83' lang='lat' dir='ltr'><strong><em>bifariam</em></strong></span> <span class='ocrx_word' id='word_1_60' title='bbox 760 1093 876 1173; x_wconf 83' lang='lat' dir='ltr'><strong>accat,</strong></span> <span class='ocrx_word' id='word_1_61' title='bbox 907 1083 1108 1159; x_wconf 87' lang='lat' dir='ltr'><strong>abundent.</strong></span> 
     </span>
     <span class='ocr_line' id='line_1_10' title="bbox 62 1192 1107 1271; baseline 0.002 -4"><span class='ocrx_word' id='word_1_62' title='bbox 62 1192 236 1270; x_wconf 87' lang='lat' dir='ltr'><strong>Definitio</strong></span> <span class='ocrx_word' id='word_1_63' title='bbox 271 1195 373 1269; x_wconf 88' lang='lat' dir='ltr'><strong>enim</strong></span> <span class='ocrx_word' id='word_1_64' title='bbox 406 1195 578 1269; x_wconf 83' lang='lat' dir='ltr'><strong>diametri</strong></span> <span class='ocrx_word' id='word_1_65' title='bbox 611 1195 779 1269; x_wconf 86' lang='lat' dir='ltr'><strong>absoluta</strong></span> <span class='ocrx_word' id='word_1_66' title='bbox 812 1208 892 1269; x_wconf 89' lang='lat' dir='ltr'><strong>erat</strong></span> <span class='ocrx_word' id='word_1_67' title='bbox 927 1197 1006 1271; x_wconf 88' lang='lat' dir='ltr'><strong>sine</strong></span> <span class='ocrx_word' id='word_1_68' title='bbox 1035 1198 1107 1271; x_wconf 90' lang='lat' dir='ltr'><strong>illis</strong></span> 
     </span>
     <span class='ocr_line' id='line_1_11' title="bbox 62 1308 1106 1406; baseline 0.004 -27"><span class='ocrx_word' id='word_1_69' title='bbox 62 1310 204 1395; x_wconf 79' lang='lat' dir='ltr'><strong>verbis3</strong></span> <span class='ocrx_word' id='word_1_70' title='bbox 230 1333 320 1406; x_wconf 85' lang='lat' dir='ltr'><strong>quae</strong></span> <span class='ocrx_word' id='word_1_71' title='bbox 345 1309 442 1383; x_wconf 86' lang='lat' dir='ltr'><strong>inter</strong></span> <span class='ocrx_word' id='word_1_72' title='bbox 466 1310 662 1398; x_wconf 90' lang='lat' dir='ltr'><strong>axiomata,</strong></span> <span class='ocrx_word' id='word_1_73' title='bbox 686 1308 744 1381; x_wconf 91' lang='lat' dir='ltr'><strong>vel</strong></span> <span class='ocrx_word' id='word_1_74' title='bbox 771 1309 895 1405; x_wconf 88' lang='lat' dir='ltr'><strong>potius</strong></span> <span class='ocrx_word' id='word_1_75' title='bbox 921 1310 1018 1383; x_wconf 87' lang='lat' dir='ltr'><strong>iuter</strong></span> <span class='ocrx_word' id='word_1_76' title='bbox 1044 1310 1106 1383; x_wconf 91' lang='lat' dir='ltr'><strong>de-</strong></span> 
     </span>
     <span class='ocr_line' id='line_1_12' title="bbox 63 1422 851 1518; baseline -0.001 -23"><span class='ocrx_word' id='word_1_77' title='bbox 63 1434 269 1497; x_wconf 82' lang='lat' dir='ltr'><strong>monstrata</strong></span> <span class='ocrx_word' id='word_1_78' title='bbox 284 1422 528 1511; x_wconf 82' lang='lat' dir='ltr'><strong>theoremata,</strong></span> <span class='ocrx_word' id='word_1_79' title='bbox 545 1422 717 1518; x_wconf 88' lang='lat' dir='ltr'><strong>ponenda</strong></span> <span class='ocrx_word' id='word_1_80' title='bbox 734 1437 851 1495; x_wconf 89' lang='lat' dir='ltr'><strong>erant.</strong></span> 
     </span>
    </p>

    <p class='ocr_par' dir='ltr' id='par_1_3' title="bbox 63 1534 1108 2289">
     <span class='ocr_line' id='line_1_13' title="bbox 110 1534 1106 1632; baseline 0 -23"><span class='ocrx_word' id='word_1_81' title='bbox 110 1535 357 1609; x_wconf 85' lang='lat' dir='ltr'><strong>Definitiones</strong></span> <span class='ocrx_word' id='word_1_82' title='bbox 383 1545 526 1610; x_wconf 86' lang='lat' dir='ltr'><strong>caeterae</strong></span> <span class='ocrx_word' id='word_1_83' title='bbox 550 1559 666 1632; x_wconf 85' lang='lat' dir='ltr'><strong>usque</strong></span> <span class='ocrx_word' id='word_1_84' title='bbox 689 1534 737 1608; x_wconf 90' lang='lat' dir='ltr'><strong>ad</strong></span> <span class='ocrx_word' id='word_1_85' title='bbox 760 1535 983 1608; x_wconf 85' lang='lat' dir='ltr'><strong>tricesimam</strong></span> <span class='ocrx_word' id='word_1_86' title='bbox 1002 1537 1106 1632; x_wconf 92' lang='lat' dir='ltr'><strong>quin-</strong></span> 
     </span>
     <span class='ocr_line' id='line_1_14' title="bbox 63 1649 1107 1747; baseline 0.002 -26"><span class='ocrx_word' id='word_1_87' title='bbox 63 1661 241 1746; x_wconf 86' lang='lat' dir='ltr'><strong>tam,qnae</strong></span> <span class='ocrx_word' id='word_1_88' title='bbox 254 1649 440 1724; x_wconf 85' lang='lat' dir='ltr'><strong>Elementi</strong></span> <span class='ocrx_word' id='word_1_89' title='bbox 452 1650 562 1747; x_wconf 86' lang='lat' dir='ltr'><strong>primi</strong></span> <span class='ocrx_word' id='word_1_90' title='bbox 574 1662 762 1747; x_wconf 87' lang='lat' dir='ltr'><strong>postrema</strong></span> <span class='ocrx_word' id='word_1_91' title='bbox 775 1661 843 1739; x_wconf 89' lang='lat' dir='ltr'><strong>est,</strong></span> <span class='ocrx_word' id='word_1_92' title='bbox 856 1661 899 1722; x_wconf 92' lang='lat' dir='ltr'><strong>ut</strong></span> <span class='ocrx_word' id='word_1_93' title='bbox 912 1650 1107 1738; x_wconf 83' lang='lat' dir='ltr'><strong>facillimae,</strong></span> 
     </span>
     <span class='ocr_line' id='line_1_15' title="bbox 64 1760 1108 1859; baseline 0.005 -27"><span class='ocrx_word' id='word_1_94' title='bbox 64 1760 114 1834; x_wconf 81' lang='lat' dir='ltr'><strong>ita</strong></span> <span class='ocrx_word' id='word_1_95' title='bbox 138 1763 253 1837; x_wconf 87' lang='lat' dir='ltr'><strong>etiam</strong></span> <span class='ocrx_word' id='word_1_96' title='bbox 286 1763 573 1837; x_wconf 82' lang='lat' dir='ltr'><strong>accuratissimae</strong></span> <span class='ocrx_word' id='word_1_97' title='bbox 600 1777 697 1837; x_wconf 90' lang='lat' dir='ltr'><strong>sunt.</strong></span> <span class='ocrx_word' id='word_1_98' title='bbox 760 1763 845 1859; x_wconf 89' lang='lat' dir='ltr'><strong>Ipsa</strong></span> <span class='ocrx_word' id='word_1_99' title='bbox 869 1777 993 1836; x_wconf 86' lang='lat' dir='ltr'><strong>autem</strong></span> <span class='ocrx_word' id='word_1_100' title='bbox 1024 1787 1108 1859; x_wconf 91' lang='lat' dir='ltr'><strong>pos-</strong></span> 
     </span>
     <span class='ocr_line' id='line_1_16' title="bbox 65 1875 1108 1975; baseline 0.002 -27"><span class='ocrx_word' id='word_1_101' title='bbox 65 1888 181 1949; x_wconf 87' lang='lat' dir='ltr'><strong>trema</strong></span> <span class='ocrx_word' id='word_1_102' title='bbox 201 1875 283 1950; x_wconf 85' lang='lat' dir='ltr'><strong>haec</strong></span> <span class='ocrx_word' id='word_1_103' title='bbox 306 1888 366 1949; x_wconf 88' lang='lat' dir='ltr'><strong>est</strong></span> <span class='ocrx_word' id='word_1_104' title='bbox 395 1903 404 1947; x_wconf 74' lang='grc' dir='ltr'><em>τ</em></span> <span class='ocrx_word' id='word_1_105' title='bbox 412 1875 615 1973; x_wconf 78' lang='lat' dir='ltr'><strong>parallelae</strong></span> <span class='ocrx_word' id='word_1_106' title='bbox 634 1887 721 1950; x_wconf 81' lang='lat' dir='ltr'><strong>aunt</strong></span> <span class='ocrx_word' id='word_1_107' title='bbox 743 1875 849 1949; x_wconf 75' lang='lat' dir='ltr'><strong>linem</strong></span> <span class='ocrx_word' id='word_1_108' title='bbox 875 1887 999 1965; x_wconf 74' lang='lat' dir='ltr'><strong>recte,</strong></span> <span class='ocrx_word' id='word_1_109' title='bbox 1025 1902 1108 1975; x_wconf 76' lang='lat' dir='ltr'><strong>qum</strong></span> 
     </span>
     <span class='ocr_line' id='line_1_17' title="bbox 64 1988 1108 2088; baseline 0.003 -29"><span class='ocrx_word' id='word_1_110' title='bbox 64 2011 141 2061; x_wconf 77' lang='lat' dir='ltr'><strong>erm</strong></span> <span class='ocrx_word' id='word_1_111' title='bbox 164 1988 204 2062; x_wconf 78' lang='lat' dir='ltr'><strong>in</strong></span> <span class='ocrx_word' id='word_1_112' title='bbox 229 1989 358 2063; x_wconf 81' lang='lat' dir='ltr'><strong>eodem</strong></span> <span class='ocrx_word' id='word_1_113' title='bbox 382 1989 459 2063; x_wconf 75' lang='lat' dir='ltr'><strong>aiut</strong></span> <span class='ocrx_word' id='word_1_114' title='bbox 477 1988 605 2088; x_wconf 82' lang='lat' dir='ltr'><strong>pluro,</strong></span> <span class='ocrx_word' id='word_1_115' title='bbox 630 1999 668 2062; x_wconf 81' lang='lat' dir='ltr'><strong>et</strong></span> <span class='ocrx_word' id='word_1_116' title='bbox 690 2014 737 2063; x_wconf 83' lang='lat' dir='ltr'><strong>ee</strong></span> <span class='ocrx_word' id='word_1_117' title='bbox 759 1999 918 2086; x_wconf 83' lang='lat' dir='ltr'><strong>utruque</strong></span> <span class='ocrx_word' id='word_1_118' title='bbox 932 2000 1052 2088; x_wconf 81' lang='lat' dir='ltr'><strong>purte</strong></span> <span class='ocrx_word' id='word_1_119' title='bbox 1069 1990 1108 2062; x_wconf 85' lang='lat' dir='ltr'><strong>iu</strong></span> 
     </span>
     <span class='ocr_line' id='line_1_18' title="bbox 65 2100 1106 2201; baseline 0.001 -26"><span class='ocrx_word' id='word_1_120' title='bbox 65 2100 238 2195; x_wconf 60' lang='lat' dir='ltr'><strong>infinitum</strong></span> <span class='ocrx_word' id='word_1_121' title='bbox 253 2100 530 2201; x_wconf 71' lang='lat' dir='ltr'><strong>producantur,</strong></span> <span class='ocrx_word' id='word_1_122' title='bbox 555 2103 595 2176; x_wconf 86' lang='lat' dir='ltr'><strong>iu</strong></span> <span class='ocrx_word' id='word_1_123' title='bbox 616 2113 785 2176; x_wconf 80' lang='lat' dir='ltr'><strong>neutrum</strong></span> <span class='ocrx_word' id='word_1_124' title='bbox 807 2101 882 2175; x_wconf 83' lang='lat' dir='ltr'><strong>aidi</strong></span> <span class='ocrx_word' id='word_1_125' title='bbox 904 2113 1026 2176; x_wconf 85' lang='lat' dir='ltr'><strong>mutuo</strong></span> <span class='ocrx_word' id='word_1_126' title='bbox 1051 2103 1106 2176; x_wconf 84' lang='lat' dir='ltr'><strong>iu-</strong></span> 
     </span>
     <span class='ocr_line' id='line_1_19' title="bbox 65 2212 198 2289; baseline 0.015 -2"><span class='ocrx_word' id='word_1_127' title='bbox 65 2212 198 2289; x_wconf 66' lang='lat' dir='ltr'><strong>rident.</strong></span> 
     </span>
    </p>

    <p class='ocr_par' dir='ltr' id='par_1_4' title="bbox 109 2326 956 2424">
     <span class='ocr_line' id='line_1_20' title="bbox 109 2326 956 2424; baseline 0 -23"><span class='ocrx_word' id='word_1_128' title='bbox 109 2328 161 2401; x_wconf 91' lang='lat' dir='ltr'><strong>B.</strong></span> <span class='ocrx_word' id='word_1_129' title='bbox 187 2326 292 2404; x_wconf 79' lang='lat' dir='ltr'><strong>Quid</strong></span> <span class='ocrx_word' id='word_1_130' title='bbox 307 2328 348 2401; x_wconf 91' lang='lat' dir='ltr'><strong>in</strong></span> <span class='ocrx_word' id='word_1_131' title='bbox 365 2327 436 2401; x_wconf 83' lang='lat' dir='ltr'><strong>hac</strong></span> <span class='ocrx_word' id='word_1_132' title='bbox 460 2327 674 2402; x_wconf 87' lang='lat' dir='ltr'><strong>definitione</strong></span> <span class='ocrx_word' id='word_1_133' title='bbox 691 2328 956 2424; x_wconf 84' lang='lat' dir='ltr'><strong>reprehendis?</strong></span> 
     </span>
    </p>

    <p class='ocr_par' dir='ltr' id='par_1_5' title="bbox 68 2441 1105 3673">
     <span class='ocr_line' id='line_1_21' title="bbox 110 2441 1102 2539; baseline -0.001 -25"><span class='ocrx_word' id='word_1_134' title='bbox 110 2441 160 2516; x_wconf 79' lang='lat' dir='ltr'><strong>A.</strong></span> <span class='ocrx_word' id='word_1_135' title='bbox 185 2441 451 2517; x_wconf 89' lang='lat' dir='ltr'><strong>Definitiouem</strong></span> <span class='ocrx_word' id='word_1_136' title='bbox 484 2441 581 2515; x_wconf 91' lang='lat' dir='ltr'><strong>hanc</strong></span> <span class='ocrx_word' id='word_1_137' title='bbox 614 2442 872 2539; x_wconf 76' lang='lat' dir='ltr'><strong>parallelorum</strong></span> <span class='ocrx_word' id='word_1_138' title='bbox 906 2454 1102 2530; x_wconf 83' lang='lat' dir='ltr'><strong>rectarum,</strong></span> 
     </span>
     <span class='ocr_line' id='line_1_22' title="bbox 68 2554 1103 2650; baseline -0.002 -21"><span class='ocrx_word' id='word_1_139' title='bbox 68 2555 161 2650; x_wconf 87' lang='lat' dir='ltr'><strong>quod</strong></span> <span class='ocrx_word' id='word_1_140' title='bbox 176 2556 316 2631; x_wconf 84' lang='lat' dir='ltr'><strong>attinet</strong></span> <span class='ocrx_word' id='word_1_141' title='bbox 333 2554 382 2628; x_wconf 89' lang='lat' dir='ltr'><strong>ad</strong></span> <span class='ocrx_word' id='word_1_142' title='bbox 398 2579 516 2645; x_wconf 85' lang='lat' dir='ltr'><strong>usum,</strong></span> <span class='ocrx_word' id='word_1_143' title='bbox 543 2557 632 2629; x_wconf 90' lang='lat' dir='ltr'><strong>satis</strong></span> <span class='ocrx_word' id='word_1_144' title='bbox 653 2557 789 2629; x_wconf 91' lang='lat' dir='ltr'><strong>bonam</strong></span> <span class='ocrx_word' id='word_1_145' title='bbox 806 2579 885 2627; x_wconf 91' lang='lat' dir='ltr'><strong>esse</strong></span> <span class='ocrx_word' id='word_1_146' title='bbox 903 2579 977 2628; x_wconf 92' lang='lat' dir='ltr'><strong>non</strong></span> <span class='ocrx_word' id='word_1_147' title='bbox 995 2578 1103 2649; x_wconf 83' lang='lat' dir='ltr'><strong>nego.</strong></span> 
     </span>
     <span class='ocr_line' id='line_1_23' title="bbox 69 2666 1105 2766; baseline -0.004 -23"><span class='ocrx_word' id='word_1_148' title='bbox 69 2666 136 2743; x_wconf 84' lang='lat' dir='ltr'><strong>Sed</strong></span> <span class='ocrx_word' id='word_1_149' title='bbox 161 2668 338 2766; x_wconf 87' lang='lat' dir='ltr'><strong>qnoniam</strong></span> <span class='ocrx_word' id='word_1_150' title='bbox 368 2668 633 2766; x_wconf 85' lang='lat' dir='ltr'><strong>parallelismus</strong></span> <span class='ocrx_word' id='word_1_151' title='bbox 660 2668 792 2756; x_wconf 86' lang='lat' dir='ltr'><strong>omnis,</strong></span> <span class='ocrx_word' id='word_1_152' title='bbox 818 2679 896 2740; x_wconf 84' lang='lat' dir='ltr'><strong>tam</strong></span> <span class='ocrx_word' id='word_1_153' title='bbox 920 2680 1105 2740; x_wconf 89' lang='lat' dir='ltr'><strong>rectarum</strong></span> 
     </span>
     <span class='ocr_line' id='line_1_24' title="bbox 68 2780 1103 2878; baseline -0.007 -19"><span class='ocrx_word' id='word_1_154' title='bbox 68 2803 172 2877; x_wconf 83' lang='lat' dir='ltr'><strong>quam</strong></span> <span class='ocrx_word' id='word_1_155' title='bbox 193 2806 404 2872; x_wconf 86' lang='lat' dir='ltr'><strong>curvarum,</strong></span> <span class='ocrx_word' id='word_1_156' title='bbox 431 2795 508 2856; x_wconf 88' lang='lat' dir='ltr'><strong>tam</strong></span> <span class='ocrx_word' id='word_1_157' title='bbox 538 2782 717 2856; x_wconf 89' lang='lat' dir='ltr'><strong>linearum</strong></span> <span class='ocrx_word' id='word_1_158' title='bbox 752 2805 863 2878; x_wconf 87' lang='lat' dir='ltr'><strong>quam</strong></span> <span class='ocrx_word' id='word_1_159' title='bbox 892 2780 1103 2876; x_wconf 86' lang='lat' dir='ltr'><strong>superficie-</strong></span> 
     </span>
     <span class='ocr_line' id='line_1_25' title="bbox 68 2893 1104 2994; baseline -0.001 -25"><span class='ocrx_word' id='word_1_160' title='bbox 68 2917 156 2986; x_wconf 88' lang='lat' dir='ltr'><strong>rum,</strong></span> <span class='ocrx_word' id='word_1_161' title='bbox 167 2895 336 2994; x_wconf 82' lang='lat' dir='ltr'><strong>ejusdem</strong></span> <span class='ocrx_word' id='word_1_162' title='bbox 349 2909 407 2968; x_wconf 87' lang='lat' dir='ltr'><strong>est</strong></span> <span class='ocrx_word' id='word_1_163' title='bbox 424 2910 579 2985; x_wconf 64' lang='lat' dir='ltr'><strong>naturae,</strong></span> <span class='ocrx_word' id='word_1_164' title='bbox 593 2908 633 2968; x_wconf 92' lang='lat' dir='ltr'><strong>et</strong></span> <span class='ocrx_word' id='word_1_165' title='bbox 643 2919 718 2968; x_wconf 90' lang='lat' dir='ltr'><strong>una</strong></span> <span class='ocrx_word' id='word_1_166' title='bbox 731 2893 945 2967; x_wconf 89' lang='lat' dir='ltr'><strong>definitione</strong></span> <span class='ocrx_word' id='word_1_167' title='bbox 958 2894 1104 2968; x_wconf 89' lang='lat' dir='ltr'><strong>univer-</strong></span> 
     </span>
     <span class='ocr_line' id='line_1_26' title="bbox 69 3007 1104 3107; baseline -0.002 -23"><span class='ocrx_word' id='word_1_168' title='bbox 69 3009 128 3083; x_wconf 81' lang='lat' dir='ltr'><strong>nli</strong></span> <span class='ocrx_word' id='word_1_169' title='bbox 153 3009 515 3107; x_wconf 86' lang='lat' dir='ltr'><strong>comprehensibilia:</strong></span> <span class='ocrx_word' id='word_1_170' title='bbox 547 3009 683 3082; x_wconf 90' lang='lat' dir='ltr'><strong>rectius</strong></span> <span class='ocrx_word' id='word_1_171' title='bbox 708 3008 862 3082; x_wconf 83' lang='lat' dir='ltr'><strong>fortasse</strong></span> <span class='ocrx_word' id='word_1_172' title='bbox 888 3007 1047 3098; x_wconf 85' lang='lat' dir='ltr'><strong>lecisset,</strong></span> <span class='ocrx_word' id='word_1_173' title='bbox 1072 3010 1104 3082; x_wconf 89' lang='lat' dir='ltr'><strong>si</strong></span> 
     </span>
     <span class='ocr_line' id='line_1_27' title="bbox 69 3121 1105 3220; baseline -0.001 -22"><span class='ocrx_word' id='word_1_174' title='bbox 69 3123 254 3217; x_wconf 81' lang='lat' dir='ltr'><strong>parallelas</strong></span> <span class='ocrx_word' id='word_1_175' title='bbox 295 3122 512 3220; x_wconf 82' lang='lat' dir='ltr'><strong>simpliciter</strong></span> <span class='ocrx_word' id='word_1_176' title='bbox 545 3121 743 3196; x_wconf 87' lang='lat' dir='ltr'><strong>definisset.</strong></span> <span class='ocrx_word' id='word_1_177' title='bbox 819 3122 1001 3195; x_wconf 88' lang='lat' dir='ltr'><strong>Praeterea</strong></span> <span class='ocrx_word' id='word_1_178' title='bbox 1035 3124 1105 3197; x_wconf 91' lang='lat' dir='ltr'><strong>nisi</strong></span> 
     </span>
     <span class='ocr_line' id='line_1_28' title="bbox 69 3234 1104 3334; baseline -0.001 -24"><span class='ocrx_word' id='word_1_179' title='bbox 69 3257 172 3312; x_wconf 83' lang='lat' dir='ltr'><strong>ennea·</strong></span> <span class='ocrx_word' id='word_1_180' title='bbox 189 3236 316 3334; x_wconf 88' lang='lat' dir='ltr'><strong>aliqua</strong></span> <span class='ocrx_word' id='word_1_181' title='bbox 337 3236 377 3309; x_wconf 93' lang='lat' dir='ltr'><strong>in</strong></span> <span class='ocrx_word' id='word_1_182' title='bbox 401 3235 615 3310; x_wconf 88' lang='lat' dir='ltr'><strong>definitione</strong></span> <span class='ocrx_word' id='word_1_183' title='bbox 637 3234 894 3333; x_wconf 83' lang='lat' dir='ltr'><strong>parallelarum</strong></span> <span class='ocrx_word' id='word_1_184' title='bbox 920 3248 1104 3309; x_wconf 87' lang='lat' dir='ltr'><strong>rectarum</strong></span> 
     </span>
     <span class='ocr_line' id='line_1_29' title="bbox 69 3349 1103 3447; baseline 0.002 -26"><span class='ocrx_word' id='word_1_185' title='bbox 69 3362 247 3447; x_wconf 86' lang='lat' dir='ltr'><strong>appareat,</strong></span> <span class='ocrx_word' id='word_1_186' title='bbox 267 3373 382 3447; x_wconf 90' lang='lat' dir='ltr'><strong>quare</strong></span> <span class='ocrx_word' id='word_1_187' title='bbox 405 3349 488 3423; x_wconf 89' lang='lat' dir='ltr'><strong>dnae</strong></span> <span class='ocrx_word' id='word_1_188' title='bbox 512 3360 625 3424; x_wconf 84' lang='lat' dir='ltr'><strong>rectae</strong></span> <span class='ocrx_word' id='word_1_189' title='bbox 647 3372 837 3445; x_wconf 90' lang='lat' dir='ltr'><strong>nunquam</strong></span> <span class='ocrx_word' id='word_1_190' title='bbox 868 3363 1103 3439; x_wconf 87' lang='lat' dir='ltr'><strong>concurrant,</strong></span> 
     </span>
     <span class='ocr_line' id='line_1_30' title="bbox 70 3460 1103 3559; baseline 0.002 -25"><span class='ocrx_word' id='word_1_191' title='bbox 70 3462 261 3538; x_wconf 81' lang='lat' dir='ltr'><strong>absurdum</strong></span> <span class='ocrx_word' id='word_1_192' title='bbox 278 3487 355 3537; x_wconf 90' lang='lat' dir='ltr'><strong>non</strong></span> <span class='ocrx_word' id='word_1_193' title='bbox 379 3463 450 3536; x_wconf 88' lang='lat' dir='ltr'><strong>erit</strong></span> <span class='ocrx_word' id='word_1_194' title='bbox 474 3463 505 3535; x_wconf 84' lang='lat' dir='ltr'><strong>si</strong></span> <span class='ocrx_word' id='word_1_195' title='bbox 535 3460 745 3559; x_wconf 87' lang='lat' dir='ltr'><strong>hujusmodi</strong></span> <span class='ocrx_word' id='word_1_196' title='bbox 769 3461 883 3535; x_wconf 87' lang='lat' dir='ltr'><strong>lineas</strong></span> <span class='ocrx_word' id='word_1_197' title='bbox 913 3463 1103 3558; x_wconf 90' lang='lat' dir='ltr'><strong>possibiles</strong></span> 
     </span>
     <span class='ocr_line' id='line_1_31' title="bbox 70 3574 424 3673; baseline 0 -25"><span class='ocrx_word' id='word_1_198' title='bbox 70 3595 140 3648; x_wconf 81' lang='lat' dir='ltr'><strong>ease</strong></span> <span class='ocrx_word' id='word_1_199' title='bbox 155 3574 424 3673; x_wconf 79' lang='lat' dir='ltr'><strong>negaverimus.</strong></span> 
     </span>
    </p>

    <p class='ocr_par' dir='ltr' id='par_1_6' title="bbox 112 3686 867 3784">
     <span class='ocr_line' id='line_1_32' title="bbox 112 3686 867 3784; baseline 0.001 -24"><span class='ocrx_word' id='word_1_200' title='bbox 112 3686 160 3763; x_wconf 88' lang='lat' dir='ltr'><strong>B.</strong></span> <span class='ocrx_word' id='word_1_201' title='bbox 186 3688 310 3762; x_wconf 91' lang='lat' dir='ltr'><strong>Defiui</strong></span> <span class='ocrx_word' id='word_1_202' title='bbox 326 3712 415 3784; x_wconf 86' lang='lat' dir='ltr'><strong>ergo</strong></span> <span class='ocrx_word' id='word_1_203' title='bbox 432 3687 647 3784; x_wconf 91' lang='lat' dir='ltr'><strong>simpliciter</strong></span> <span class='ocrx_word' id='word_1_204' title='bbox 664 3687 867 3782; x_wconf 84' lang='lat' dir='ltr'><strong>parallelas.</strong></span> 
     </span>
    </p>

    <p class='ocr_par' dir='ltr' id='par_1_7' title="bbox 72 3800 1103 4127">
     <span class='ocr_line' id='line_1_33' title="bbox 110 3800 1102 3899; baseline -0.005 -25"><span class='ocrx_word' id='word_1_205' title='bbox 110 3802 159 3875; x_wconf 87' lang='lat' dir='ltr'><strong>A.</strong></span> <span class='ocrx_word' id='word_1_206' title='bbox 185 3801 401 3876; x_wconf 77' lang='lat' dir='ltr'><strong>Duoeiiueoe</strong></span> <span class='ocrx_word' id='word_1_207' title='bbox 413 3826 642 3899; x_wconf 74' lang='lat' dir='ltr'><strong>quecunque,</strong></span> <span class='ocrx_word' id='word_1_208' title='bbox 653 3800 730 3873; x_wconf 83' lang='lat' dir='ltr'><strong>aine</strong></span> <span class='ocrx_word' id='word_1_209' title='bbox 742 3811 856 3874; x_wconf 73' lang='lat' dir='ltr'><strong>recte</strong></span> <span class='ocrx_word' id='word_1_210' title='bbox 868 3800 946 3874; x_wconf 84' lang='lat' dir='ltr'><strong>aine</strong></span> <span class='ocrx_word' id='word_1_211' title='bbox 963 3823 1102 3880; x_wconf 57' lang='lat' dir='ltr'><strong>curem</strong></span> 
     </span>
     <span class='ocr_line' id='line_1_34' title="bbox 73 3911 1103 4013; baseline 0.001 -30"><span class='ocrx_word' id='word_1_212' title='bbox 73 3911 147 3986; x_wconf 78' lang='lat' dir='ltr'><strong>itere</strong></span> <span class='ocrx_word' id='word_1_213' title='bbox 163 3914 247 3989; x_wconf 78' lang='lat' dir='ltr'><strong>duae</strong></span> <span class='ocrx_word' id='word_1_214' title='bbox 262 3914 493 4013; x_wconf 73' lang='lat' dir='ltr'><strong>superficies,</strong></span> <span class='ocrx_word' id='word_1_215' title='bbox 504 3912 632 4011; x_wconf 77' lang='lat' dir='ltr'><strong>piuuae</strong></span> <span class='ocrx_word' id='word_1_216' title='bbox 648 3911 708 3986; x_wconf 85' lang='lat' dir='ltr'><strong>uel</strong></span> <span class='ocrx_word' id='word_1_217' title='bbox 720 3938 792 3986; x_wconf 84' lang='lat' dir='ltr'><strong>nou</strong></span> <span class='ocrx_word' id='word_1_218' title='bbox 810 3914 954 4012; x_wconf 71' lang='lat' dir='ltr'><strong>pluere,</strong></span> <span class='ocrx_word' id='word_1_219' title='bbox 966 3911 1103 4009; x_wconf 77' lang='lat' dir='ltr'><strong>purul-</strong></span> 
     </span>
     <span class='ocr_line' id='line_1_35' title="bbox 72 4022 1101 4127; baseline 0 -30"><span class='ocrx_word' id='word_1_220' title='bbox 72 4022 143 4101; x_wconf 74' lang='lat' dir='ltr'><strong>tle</strong></span> <span class='ocrx_word' id='word_1_221' title='bbox 157 4038 253 4115; x_wconf 79' lang='lat' dir='ltr'><strong>runt,</strong></span> <span class='ocrx_word' id='word_1_222' title='bbox 270 4029 309 4103; x_wconf 80' lang='lat' dir='ltr'><strong>iu</strong></span> <span class='ocrx_word' id='word_1_223' title='bbox 327 4052 417 4127; x_wconf 73' lang='lat' dir='ltr'><strong>quus</strong></span> <span class='ocrx_word' id='word_1_224' title='bbox 434 4028 639 4102; x_wconf 79' lang='lat' dir='ltr'><strong>incidenter</strong></span> <span class='ocrx_word' id='word_1_225' title='bbox 656 4027 762 4101; x_wconf 69' lang='lat' dir='ltr'><strong>liuere</strong></span> <span class='ocrx_word' id='word_1_226' title='bbox 779 4026 1101 4123; x_wconf 74' lang='lat' dir='ltr'><strong>recteesacieutea·</strong></span> 
     </span>
    </p>

    <p class='ocr_par' dir='ltr' id='par_1_8' title="bbox 161 4160 1003 4219">
     <span class='ocr_line' id='line_1_36' title="bbox 161 4160 1003 4219; baseline -0.005 -5"><span class='ocrx_word' id='word_1_227' title='bbox 161 4163 253 4219; x_wconf 73' lang='lat' dir='ltr'><strong>vor..</strong></span> <span class='ocrx_word' id='word_1_228' title='bbox 271 4164 330 4218; x_wconf 82' lang='lat' dir='ltr'><strong>lv.</strong></span> <span class='ocrx_word' id='word_1_229' title='bbox 981 4160 1003 4210; x_wconf 84' lang='lat' dir='ltr'><strong>n</strong></span> 
     </span>
    </p>
   </div>
   <div class='ocr_carea' id='block_1_3' title="bbox 1148 317 1275 357">
    <p class='ocr_par' dir='ltr' id='par_1_9' title="bbox 1148 317 1275 357">
     <span class='ocr_line' id='line_1_37' title="bbox 1148 317 1275 357; baseline 0.016 -2"><span class='ocrx_word' id='word_1_230' title='bbox 1148 317 1275 357; x_wconf 78' lang='lat' dir='ltr'><strong>DlAl.0Gl</strong></span> 
     </span>
    </p>
   </div>
   <div class='ocr_carea' id='block_1_4' title="bbox 1150 398 1275 500">
    <p class='ocr_par' dir='ltr' id='par_1_10' title="bbox 1150 398 1275 500">
     <span class='ocr_line' id='line_1_38' title="bbox 1150 398 1275 500; baseline 0 -63"><span class='ocrx_word' id='word_1_231' title='bbox 1150 398 1275 500; x_wconf 45' lang='lat' dir='ltr'>L</span> 
     </span>
    </p>
   </div>
   <div class='ocr_carea' id='block_1_5' title="bbox 0 0 1330 5092">
    <p class='ocr_par' dir='ltr' id='par_1_11' title="bbox 0 0 1330 5092">
     <span class='ocr_line' id='line_1_39' title="bbox 0 0 1330 5092; baseline 0 0"><span class='ocrx_word' id='word_1_232' title='bbox 0 0 1330 5092; x_wconf 95' lang='lat' dir='ltr'><strong> </strong></span> 
     </span>
    </p>
   </div>
  </div>
 </body>
</html>
