2640 5092
362 614 416 667 nr
434 614 604 668 usupra
622 614 759 667 senus.
1028 598 1100 677 275

56 791 187 854 ternus
214 781 318 878 (quia
338 782 561 856 universum.
579 782 799 879 supponitur
828 805 907 856 esse
932 783 1097 879 plenum)

55 903 241 990 penetrat,
270 894 466 992 locumque
496 894 722 991 egredientis
749 894 868 968 aeris*
896 896 1100 970 successive

55 1018 229 1103 occupat,
246 1005 366 1082 donec
388 1006 617 1104 corpuscula,
634 1006 841 1102 quantitate
860 1008 955 1082 aeris
971 1008 1101 1084 eadem

54 1119 242 1210 restitute,
259 1119 466 1194 libertatem
480 1121 597 1194 motui
612 1143 678 1193 suo
691 1120 897 1193 naturalem
908 1121 1099 1217 recipiant.

55 1232 251 1308 Concessis
266 1246 391 1308 autem
408 1234 504 1308 illius
522 1233 797 1330 hypothesibus,
814 1257 926 1307 causa
949 1236 1101 1332 phaeno-

53 1344 156 1419 meni
169 1347 365 1422 manifesta
377 1359 443 1422 est
469 1348 539 1421 Tui
553 1359 678 1421 autem
690 1347 822 1443 quihus
835 1348 1099 1445 hypothesibus

52 1457 155 1532 idem
172 1459 440 1556 phaenomenon
458 1458 690 1557 explicuere?

102 1571 157 1647 B.
184 1571 332 1647 Nescio.
376 1572 449 1647 Sed
467 1595 534 1646 cur
550 1596 625 1645 non
642 1582 766 1667 potest
782 1595 879 1668 aqua
896 1597 990 1670 quae,
1013 1598 1099 1650 cum

51 1685 281 1782 injiceretur,
293 1685 493 1782 peniculus
506 1685 601 1759 aeris
615 1684 893 1781 comprimebat,
909 1687 956 1760 ab
969 1686 1100 1763 iisdem

51 1799 245 1898 particulis
261 1821 301 1872 se
317 1797 585 1896 explicantibus
602 1821 728 1871 rursus
745 1798 848 1894 rejici
866 1797 880 1870 i

102 1909 151 1986 A.
179 1910 278 1987 Quia
303 1911 426 1986 locum
452 1911 644 2008 explicatae
673 1912 849 2007 majorem
875 1934 951 1985 non
974 1914 1098 2009 requi·

50 2035 155 2115 runt,
178 2048 289 2121 quam
313 2047 544 2122 compressae.
597 2022 918 2099 Quemadmodum
945 2024 986 2097 in
1013 2049 1100 2100 vase

51 2161 151 2235 aqua
176 2138 298 2234 pleno,
327 2138 367 2212 in
393 2162 467 2236 qua
491 2149 589 2212 esset
613 2135 810 2210 multitudo
839 2136 1097 2232 anguillarum,

49 2250 235 2348 anguillas
259 2251 398 2326 sivein
424 2274 462 2325 se
492 2250 636 2324 volutas
662 2250 737 2323 sive
764 2248 965 2346 explicatas
995 2250 1096 2325 idem

51 2387 198 2462 semper
214 2364 313 2461 capit
334 2363 448 2439 locus.
512 2363 720 2460 Propellere
750 2385 839 2458 ergo
866 2385 1001 2459 aquam
1029 2386 1097 2461 per

51 2479 128 2552 vim
144 2477 344 2566 elssticam,
361 2501 444 2574 quoe
461 2477 533 2551 alia
548 2500 624 2550 non
647 2487 703 2550 est
725 2500 837 2572 quarn
860 2486 983 2549 motus
1014 2499 1097 2551 cor-

50 2614 185 2688 porum
201 2613 241 2664 se
259 2590 532 2687 explicandum,
550 2612 626 2662 non
641 2599 809 2684 possunt

100 2704 152 2778 B.
178 2703 417 2801 Comparatio
454 2702 517 2776 illa
550 2702 646 2776 aeris
680 2725 764 2775 cum
798 2723 896 2798 aqua
924 2700 1096 2796 anguillis

50 2816 174 2915 plena,
191 2816 340 2906 nostris,
357 2814 480 2903 credo,
497 2838 572 2888 nou
590 2814 809 2911 displicebit.
853 2813 979 2909 Aliqui
996 2813 1096 2887 enim

50 2953 128 3005 non
163 2929 324 3002 minimae
356 2929 454 3002 iuter
486 2950 554 3002 nos
587 2927 825 3001 authoritatis
857 2927 897 2999 in
931 2948 976 2998 ea
1009 2936 1096 2997 sunt

50 3042 237 3141 opinione,
253 3054 297 3117 ut
314 3041 345 3115 si
367 3064 434 3138 per
449 3063 606 3114 vacuum
630 3039 858 3134 intelligatur
874 3038 977 3111 locus
994 3038 1095 3111 omni

51 3156 258 3233 substantia
279 3177 459 3252 corporea
476 3177 624 3243 vacuus,
639 3176 714 3226 non
732 3164 829 3226 esset
842 3149 947 3224 valde
959 3173 1094 3246 repug-

49 3271 226 3346 nandum.
303 3269 559 3365 supponentes
593 3266 690 3339 enim
732 3263 976 3338 constitutum
1015 3285 1095 3336 esse

48 3408 173 3460 aerem
193 3405 239 3456 ex
256 3380 483 3478 corpusculis
499 3403 582 3476 qnae
598 3379 677 3452 sine
694 3375 900 3451 interstitiis
924 3377 1095 3473 componi

49 3522 125 3573 non
142 3508 310 3595 possunt,
322 3494 568 3568 necessarium
585 3515 664 3567 esse
677 3490 804 3564 vident
816 3489 1015 3562 interstitia
1032 3488 1096 3563 illa

48 3633 239 3709 corporeae
255 3606 482 3696 substantiae,
497 3606 553 3679 vel
566 3607 623 3700 (ut
636 3602 796 3701 apertius
813 3601 949 3695 dicam)
965 3625 1097 3698 corpo·

48 3726 110 3816 ris,
129 3721 282 3820 capacia
297 3743 390 3794 esse.
442 3719 516 3794 Sed
532 3717 631 3814 quod
646 3717 699 3790 sic
711 3739 867 3789 vacuum
882 3715 1094 3812 intelligunt

42 3837 232 3938 pleniatoe,
256 3832 461 3931 praesertim
478 3831 621 3929 nuperi,
639 3829 679 3903 id
695 3853 772 3903 nou
789 3827 957 3902 credunt.

98 3950 150 4024 A.
177 3948 254 4022 eur
269 3969 344 4020 non
362 3944 518 4018 credunt
533 3941 545 4014 l

98 4061 150 4136 B.
179 4060 278 4135 Quia
303 4057 471 4154 plenistae
505 4054 735 4151 disputantes
764 4063 895 4126 conua
921 4074 1089 4140 vacuum,

49 4183 269 4274 argumenta
293 4180 444 4244 sumunt
471 4169 518 4241 ab
545 4191 589 4240 eo
623 4166 721 4263 quod
754 4164 895 4262 liquida
924 4163 1090 4236 suctione

49 4291 122 4364 oris
138 4311 208 4386 per
224 4284 384 4359 fistulam
401 4280 588 4355 ascendit:
614 4291 654 4353 et
669 4279 774 4353 abeo
791 4275 889 4374 quod
907 4275 945 4347 in
961 4275 1089 4347 hortu-

359 4515 534 4578 'Sichit
553 4517 626 4574 1661
642 4524 673 4575 et
688 4515 773 4573 1688.

932 4622 991 4679 '1¹⁸2
