2618 5092
37 1329 106 1371 CAP.
122 1328 189 1369 xm.

41 1398 182 1430 -f-nd

26 1456 62 1500 Do
71 1456 142 1500 neon

26 1520 122 1565 calculo

221 680 296 745 422
365 692 420 745 uu
439 692 673 761 nntrtctnus
691 692 744 747 nt·
760 690 1132 747 umoctnsmortu

625 1010 731 1084 CAP.
760 1008 870 1085 x111.

486 1193 539 1245 no
558 1193 786 1247 nnatonuu
805 1193 1011 1249 curenno.

226 1310 452 1385 Dnnnnmo
489 1309 633 1385 decima
668 1310 1005 1409 irreprehensibilis
1039 1322 1113 1397 est,
1145 1330 1260 1407 nempe

144 1470 181 1499 um
223 1422 325 1497 haec:
372 1421 462 1495 Cam
486 1434 606 1495 autem
640 1431 718 1497 tres
746 1422 1028 1523 magnitudines
1048 1424 1259 1522 proportio
1303 1416 1305 1425 '

223 1535 513 1631 nalessaeraat,
525 1535 652 1633 prima
669 1536 725 1610 ad
736 1537 888 1611 tertiam
903 1534 1146 1635 duplicatam
1161 1536 1261 1609 ratio

223 1672 302 1720 aem
319 1646 457 1721 dobere
475 1648 619 1722 dieitur
635 1650 719 1743 ejus
730 1673 842 1747 quarn
857 1648 971 1723 tates
987 1648 1047 1723 ad
1056 1648 1260 1723 emadan:

223 1770 267 1834 at
284 1785 364 1834 cum
381 1769 543 1857 quotuor
563 1760 840 1859 magnitudines
855 1760 1172 1860 proportionales
1182 1760 1261 1857 suo·

222 1873 311 1962 rint,
339 1874 470 1971 prima
505 1873 560 1948 ad
601 1884 778 1972 quartam
816 1873 1055 1973 triplicatam
1096 1874 1261 1949 ratim

223 1984 362 2061 habere
379 1986 521 2061 dieitur
537 1987 619 2083 cp'as
634 2011 745 2085 quana
760 1984 872 2061 habet
897 1987 955 2062 ad
977 1986 1211 2061 secundun.-
1230 1995 1261 2061 at

223 2122 369 2197 semper
386 2099 576 2198 deineeps,
593 2122 664 2173 aaa
682 2098 846 2199 amplius
870 2098 1053 2199 quamdin
1073 2100 1261 2198 proportio

223 2213 407 2287 estiterit.

273 2326 340 2399 Est
363 2336 488 2399 autem
511 2324 611 2421 quod
632 2324 852 2421 reprehendi
880 2336 1006 2421 potest
1031 2338 1075 2400 et
1101 2326 1212 2401 debet
1229 2326 1260 2399 in

224 2439 453 2535 expositione
470 2440 579 2535 hujus
597 2437 820 2511 definitionis
847 2438 947 2534 apud
972 2439 1162 2514 Clarium.
1211 2441 1260 2513 Sic

224 2551 323 2623 enim
351 2551 503 2623 scribit:
540 2556 563 2589 “
576 2551 801 2646 Interpretes
818 2551 989 2624 nonnulli
1019 2553 1202 2649 colligunt
1224 2576 1259 2625 ex

223 2665 293 2739 hac
319 2664 544 2753 definitione,
564 2665 595 2736 si
619 2676 875 2760 proponantur
899 2665 1026 2760 plures
1045 2668 1260 2763 quantitates

224 2778 399 2851 continue
409 2778 713 2873 proportionales,
724 2778 1004 2873 proportionem
1015 2780 1150 2875 primae
1161 2802 1261 2875 quau·

223 2892 340 2965 titatis
359 2892 406 2964 ad
432 2893 581 2965 tertiam
599 2915 678 2964 esse
696 2891 845 2988 duplam
869 2894 1126 2988 proportionis
1148 2894 1261 2990 priua

224 3005 441 3101 quantitatis
458 3004 506 3077 ad
529 3003 740 3093 secundam,
767 3004 936 3099 eoquod
966 3005 1146 3081 Euclides
1173 3005 1260 3079 illam

224 3131 332 3192 vocet
367 3118 592 3213 duplicatam
625 3116 902 3213 proportionem
936 3118 1063 3215 hujus.
1133 3119 1261 3193 Eodem

224 3231 334 3305 modo
354 3230 496 3317 volunt,
520 3230 796 3326 proportionem
822 3229 952 3325 primae
979 3233 1199 3328 quantitatis
1222 3229 1262 3305 ad

225 3355 406 3441 quartam,
437 3366 516 3415 esse
550 3342 698 3439 triplam
732 3343 983 3439 proportionis
1014 3368 1128 3440 quam
1162 3347 1262 3419 hahet

225 3459 345 3554 prima
366 3457 551 3553 quantitas
575 3457 623 3529 ad
646 3456 858 3545 secundam,
882 3468 954 3530 etc.
1010 3458 1128 3533 Quod
1152 3474 1263 3533 tamen

225 3569 328 3642 nulla
345 3581 399 3642 est
416 3571 560 3643 ratione
578 3570 867 3644 concedendum.
928 3570 1067 3667 Neque
1085 3573 1184 3647 enim
1199 3574 1264 3646 Eu·

226 3683 339 3755 clides
350 3683 422 3755 hoc
433 3684 641 3779 significare
658 3684 785 3773 voluit,
797 3684 863 3757 sed
873 3683 1002 3758 docuit
1014 3685 1264 3761 tautummodo

225 3797 502 3892 proportionem
519 3797 648 3893 primae
665 3797 885 3894 quantitatis
902 3798 950 3871 ad
970 3800 1134 3889 tertiam,
1151 3799 1266 3897 appel·

227 3910 296 3982 lari
307 3908 530 4005 duplicatam
548 3913 627 4008 ejus
639 3911 889 4007 proportionis
906 3935 1019 4007 quam
1029 3914 1146 3989 habet
1158 3914 1267 4011 prima

228 4024 416 4119 quantitas
433 4025 482 4098 ad
499 4023 723 4109 secundam
749 4040 946 4121 propterea
962 4028 1066 4123 quod
1088 4030 1186 4103 inter
1200 4028 1269 4126 pri·

228 4161 328 4210 mam
359 4139 603 4233 quantitatem
633 4162 678 4213 ac
707 4140 856 4212 tertiam
885 4141 1073 4235 reperitur
1100 4143 1268 4240 quodam·

229 4251 340 4325 modo
356 4252 548 4347 proportio
563 4252 692 4347 primae
705 4253 923 4348 quantitatis
933 4253 983 4326 ad
994 4258 1198 4331 secundam
1208 4258 1269 4333 do-

227 4365 390 4461 plicata;
416 4366 552 4462 quippe
570 4389 655 4438 cum
676 4368 777 4439 iuter
793 4367 950 4463 primam
968 4370 1215 4465 quantitatem
1230 4396 1269 4445 nc

228 4479 378 4550 tertiam
396 4479 680 4576 interponantur
697 4480 780 4555 duae
797 4482 1059 4577 proportiones
1071 4486 1228 4583 aequales
1239 4484 1268 4559 ei

229 4591 473 4687 proportioni,
491 4616 601 4688 quam
615 4592 728 4669 habet
739 4593 860 4690 prima
872 4597 1068 4690 quantitas
1084 4598 1134 4673 ad
1150 4624 1269 4675 secun
