2618 5092
255 664 585 718 narnunnmcs
605 664 852 719 naumann.
1038 652 1087 718 4³

41 842 172 920 contra,
190 853 351 904 causam
370 832 487 928 qnaeri
503 856 571 929 per
587 834 757 930 cognitos
774 833 950 916 effectus;
975 842 1088 927 atque
1120 858 1274 901 animans

41 943 289 1040 nnonposse
305 957 482 1019 accurate
497 945 590 1032 fieri,
615 956 812 1043 propterea
835 943 935 1041 quod
951 945 1088 1019 similes
1128 940 1272 1043 *ᾖ

41 1059 188 1133 effectus
203 1080 285 1132 non
309 1081 457 1156 semper
479 1070 518 1133 et
533 1060 742 1134 necessario
766 1059 904 1133 similes
926 1057 1089 1133 habeant

41 1194 187 1247 consum
218 1171 270 1246 ob
301 1196 386 1247 eam
415 1196 494 1246 rem
515 1170 707 1272 potiorem
736 1172 1089 1247 demonstrationem

41 1285 294 1376 amduxisse,
308 1310 384 1384 qua
396 1287 549 1360 effectus
561 1310 628 1383 per
640 1310 790 1361 causam
801 1285 1090 1371 demonstratur,

41 1422 119 1496 quae
135 1408 197 1472 est
210 1410 262 1472 τοῦ
275 1410 355 1481 διάη.
378 1423 489 1497 quam
505 1424 550 1474 ea
566 1424 651 1496 quae
673 1424 821 1475 causam
838 1398 1027 1473 concludit
1043 1422 1089 1472 ex

41 1513 187 1598 effectu,
199 1513 809 1612 quamqueproptereaappellavit
825 1524 876 1584 rot
889 1525 941 1585 tn.
993 1512 1088 1586 Quae

41 1637 166 1699 umen
195 1624 404 1700 scientifica
436 1650 512 1700 non
541 1637 610 1716 est,
646 1638 683 1700 et
716 1624 872 1723 proinde
901 1649 972 1699 nec
1001 1649 1090 1699 vera

41 1739 323 1814 demonstratio.
375 1739 462 1814 Non
485 1740 584 1813 enim
604 1739 735 1837 incipit
758 1764 782 1813 a
799 1738 1087 1828 definitionibus,

41 1852 163 1927 nodab
173 1852 458 1950 hypothesibus,
468 1877 553 1950 quae
565 1852 947 1949 falsaeessepossunt;
971 1875 1089 1949 quau-

41 1988 164 2063 qmm,
186 1966 220 2039 si
237 1965 341 2041 nulla
357 1967 621 2064 experimenta,
643 1965 757 2039 etiam
775 1976 858 2062 post
875 1964 1090 2060 longissima

41 2091 219 2176 tempora,
245 2104 309 2154 eas
339 2080 578 2177 redarguant,
605 2080 694 2153 satis
720 2091 830 2152 erunt
854 2078 1087 2175 probabiles;

42 2191 106 2266 sed
120 2193 357 2268 theoremata
379 2193 465 2267 inde
483 2192 641 2267 deducta
666 2217 741 2266 non
759 2203 914 2288 possunt
935 2191 1008 2265 dici
1025 2190 1089 2264 de·

43 2319 260 2382 monstrata.
315 2309 469 2382 Frustra
485 2331 574 2404 ergo
587 2305 919 2403 quaeritWallisius
938 2303 1089 2377 demon·
1213 2339 1217 2348 ·

44 2420 260 2494 strationem
289 2439 339 2494 ros
365 2434 407 2493 tn
436 2421 534 2494 inter
563 2419 894 2493 demonstrationes
913 2415 1089 2491 Euclidis.

46 2533 116 2608 Sed
131 2533 361 2632 pergo-Si
378 2534 460 2630 puis
482 2533 636 2630 denique
660 2531 827 2628 objiciat,
855 2555 911 2603 me
928 2539 1009 2603 tren
1027 2530 1090 2603 de-

46 2647 324 2722 monstrationis
340 2646 652 2746 speciecfeciase,
679 2669 759 2719 curn
776 2643 888 2743 vulgo
907 2643 989 2717 dna
1006 2653 1089 2716 tan-

47 2770 118 2833 tunr
150 2769 385 2849 statuantur,
407 2759 552 2858 poterit
583 2757 662 2848 ille,
696 2758 731 2832 ai
749 2755 895 2857 placet,
930 2756 1089 2830 duarum

43 2873 212 2971 priorum
232 2883 429 2969 utromque
450 2870 797 2946 demonstrationem
816 2883 865 2941 rot
883 2882 924 2940 tu
950 2870 1088 2944 dicere.

46 2985 129 3060 Non
161 2986 260 3060 enim
294 2984 384 3060 tibet
417 2986 465 3060 de
492 2984 617 3059 corbis
642 2984 874 3072 contendere,
904 2982 1011 3056 niodo
1041 2983 1089 3055 de

46 3099 151 3172 reduc
168 3098 542 3195 constet—Benigne
558 3120 658 3186 sane,
685 3097 749 3194 qui
773 3095 863 3192 quid
883 3118 1011 3168 verum
1029 3095 1089 3181 sit,

47 3213 193 3309 quiade
211 3236 253 3286 re
270 3235 347 3286 non
363 3222 520 3302 constat,
545 3224 769 3309 potestatem
790 3210 897 3285 uobis
920 3209 1090 3283 concedit

46 3326 214 3423 eligendi.

91 3441 142 3515 B.
168 3439 279 3536 Elige
295 3440 409 3537 igitur
425 3440 518 3524 hoc;
543 3465 658 3515 unnm
672 3465 751 3515 esse
768 3440 1089 3514 demonstrationis

46 3577 158 3650 genum
175 3576 313 3650 nempe
328 3570 374 3625 ros
387 3565 463 3638 διότι,
481 3555 557 3627 sive
574 3554 762 3627 conclusio
781 3553 919 3628 directe
937 3551 1089 3626 demon-

48 3678 195 3758 stretur,
214 3668 292 3741 sive
308 3690 375 3763 per
391 3665 652 3740 deductionem
669 3666 718 3740 ad
735 3666 946 3741 absurdum.

92 3782 145 3857 Α.
171 3781 218 3856 ln
239 3780 370 3877 Capite
387 3792 519 3877 quarto
536 3781 615 3877 agit
632 3780 678 3854 de
694 3781 849 3871 unitate,
867 3803 1034 3870 numero,
1052 3796 1091 3854 et

47 3896 190 3971 numeri
229 3894 620 3991 principio—Unitas
659 3903 717 3967 est
753 3894 949 3968 sectandum
984 3920 1090 3991 quam

46 4007 318 4107 unumquodque
339 4033 447 4080 onum
473 4007 625 4081 dicitur.
677 4008 862 4082 Numerus
886 4018 1007 4081 antean
1033 4019 1090 4082 est

46 4149 89 4197 en
121 4120 333 4195 unitatibus
367 4122 570 4220 composita
600 4120 1009 4197 multitudo—Scilicet
1038 4123 1091 4196 ita

46 4235 171 4310 definit
188 4234 367 4307 venitatem
384 4245 422 4308 et
438 4259 624 4308 numerant
641 4234 824 4309 Euclides.

92 4349 141 4423 B.
169 4350 233 4422 An
251 4371 327 4420 non
345 4347 474 4421 recte?

93 4463 141 4536 A.
168 4463 379 4536 Numerum
396 4462 545 4557 quidem
563 4475 748 4551 accurate,
769 4463 948 4536 unitatem
966 4474 1089 4535 autem

48 4573 225 4672 imperite.
280 4573 378 4647 Nam
395 4586 548 4672 propter
560 4575 818 4671 cognationem
833 4598 966 4649 vocum
982 4598 1089 4647 unum
