2618 5092
224 692 297 758 228
440 702 714 756 examinacio
732 702 786 755 ur
803 700 1058 755 uuurtnarro

47 896 190 941 >ramnus
225 873 337 945 etiam
354 871 434 960 soli,
452 884 490 944 et
521 872 680 968 planetis
709 870 895 960 omnibus,
919 880 959 945 et
983 868 1139 967 singulis
1159 867 1257 941 etiarn

92 978 133 1020 vl.

47 1050 181 1085 ..Ὗ-α

224 985 385 1060 minimis
412 1009 542 1059 eorum
571 986 752 1082 partibus.
803 984 926 1059 Aliam
956 982 1125 1080 ejusdem
1151 998 1258 1057 motus

223 1100 485 1196 proprietatem
510 1099 675 1174 ostendit
701 1122 795 1187 esse,
813 1097 914 1195 quod
939 1098 1188 1195 heterogenen
1212 1118 1258 1169 se·

223 1237 381 1310 gregans
397 1225 600 1309 congregat
616 1213 857 1309 homogenee.
907 1212 1036 1309 Atque
1052 1234 1101 1285 ex
1114 1210 1173 1285 his
1186 1232 1258 1307 pro

223 1326 442 1422 prietatibus
453 1350 583 1400 causas
594 1326 716 1401 reddit
729 1327 895 1401 omnium
911 1325 991 1400 fere
999 1325 1258 1423 pharamam

224 1439 448 1512 naturalium
475 1441 565 1515 satis
587 1440 809 1536 prohabiles,
826 1452 950 1515 tantas
965 1440 1108 1535 ubique
1132 1436 1259 1535 magni-

225 1550 373 1624 tudines
391 1566 430 1625 et
446 1553 659 1627 velocitates
680 1576 905 1650 supponens,
921 1566 1084 1649 quantas
1109 1552 1259 1633 effectus,

226 1667 331 1759 eujus
350 1689 460 1738 cansa
478 1664 670 1762 quaeritur,
683 1666 858 1762 postulat.

278 1776 326 1849 B.
354 1776 457 1849 Nihil
476 1802 499 1850 a
517 1778 691 1875 phynicia,
709 1801 868 1875 qnorum
894 1777 1091 1875 principia,
1116 1788 1162 1850 ut
1187 1800 1261 1875 geo

225 1902 439 1979 metrarnm,
451 1891 601 1987 proprio
614 1891 768 1966 arbitrio
782 1904 885 1965 certa
894 1891 1010 1965 statui
1019 1915 1097 1965 non
1109 1900 1260 1989 possunt,

226 2003 383 2099 amplius
411 2004 673 2100 requirendum
697 2017 766 2094 est,
794 2029 905 2101 quarn
932 2016 976 2079 ut
1002 2028 1127 2079 causae
1152 2026 1260 2079 rerum

226 2118 319 2191 tales
333 2141 412 2191 esse
428 2119 582 2213 possint.
634 2118 766 2215 Itaque
777 2118 932 2216 physica
947 2118 1013 2191 illa
1029 2116 1172 2193 Hobbii
1182 2128 1262 2190 tam·

228 2231 291 2304 diu
309 2232 553 2328 improbanda
564 2256 640 2305 non
657 2247 726 2317 est,
745 2233 919 2329 quamdiu
937 2256 1048 2306 nemo
1073 2230 1261 2306 eorundem

227 2346 424 2418 effectuum
441 2369 509 2441 per
535 2345 626 2417 alios
658 2357 780 2419 motus
808 2369 937 2419 causas
963 2344 1169 2418 reddiderit
1189 2366 1262 2440 pro

226 2459 436 2531 habiliores.

277 2572 325 2645 Α.
355 2572 399 2644 Id
425 2571 526 2665 quod
552 2595 753 2668 nunquam,
772 2572 895 2660 credo,
912 2573 990 2645 fiet.
1044 2571 1144 2645 Nam
1167 2592 1264 2642 cansa

227 2683 404 2757 naturalis
433 2684 552 2756 omnis
580 2685 634 2756 rei
657 2698 714 2757 est
737 2699 859 2757 motus
884 2684 1028 2780 aliquis.
1083 2685 1115 2757 Ii
1142 2694 1263 2766 autem,

227 2797 290 2892 qui
307 2796 549 2892 philosophiae
568 2797 726 2870 maxime
755 2822 855 2871 nunc
884 2798 1078 2871 studentes
1106 2811 1264 2870 naturam

227 2921 349 2983 motus
363 2910 514 2983 minime
532 2911 772 3006 contemplati
790 2924 887 3000 sunt,
906 2912 945 2984 in
963 2912 1060 2985 hane
1073 2936 1185 2985 unam
1198 2933 1265 2983 rem

227 3024 458 3113 incumbunt,
481 3038 522 3097 ut
549 3049 646 3097 nova
673 3026 869 3120 acquirant
895 3026 1166 3121 phaenomena;
1192 3047 1265 3097 cun

226 3137 471 3232 phaenomena
489 3137 567 3210 sola
585 3138 822 3233 experiendo,
841 3163 963 3213 causae
980 3137 1234 3213 ratiocinando
1249 3159 1268 3205 a

227 3263 333 3324 motu
350 3250 619 3347 cognoscendae
633 3262 732 3323 sunt.

280 3363 329 3437 B.
359 3364 434 3438 Qui
464 3388 621 3458 corpora
639 3364 855 3460 corporibus
876 3363 1112 3439 admovendo
1131 3388 1225 3439 nora
1238 3374 1270 3435 et

227 3477 411 3549 mirabilia
423 3478 624 3551 ostendunt
634 3489 777 3552 uaturae
791 3502 916 3574 opera,
930 3479 1067 3551 mirum
1080 3481 1120 3552 in
1130 3478 1270 3552 modum

228 3589 434 3664 incendunt
451 3592 592 3665 animos
609 3593 803 3665 hominum
829 3616 955 3666 amore
971 3593 1227 3690 philosophiae,
1239 3603 1271 3663 et

228 3702 276 3775 ad
295 3728 423 3778 causas
434 3706 708 3801 investigandas
726 3731 800 3781 uon
811 3729 943 3804 parum
954 3705 1149 3802 instigant,
1162 3727 1271 3801 eoque

227 3818 376 3890 nomine
393 3819 502 3891 laude
520 3820 622 3915 digni
640 3831 736 3893 sunt.

278 3931 328 4002 Α.
357 3930 509 4016 Itaest;
536 3956 622 4005 nam
640 3933 830 4007 historiam
855 3933 1076 4022 naturalem,
1103 3934 1273 4029 sineque

228 4042 384 4116 scientia
417 4046 597 4119 naturalis
638 4046 778 4119 frustra
813 4046 1005 4142 quaeritur,
1040 4046 1271 4143 locupletant

229 4156 304 4229 Sed
321 4156 458 4230 intueri
475 4170 513 4231 et
530 4158 705 4231 admirari
719 4171 860 4232 naturae
878 4182 1003 4254 opera,
1021 4172 1066 4232 ut
1092 4184 1186 4256 puer
1201 4157 1274 4255 pul-

229 4269 477 4344 chritudinem
496 4272 581 4345 libri
606 4273 688 4368 plus
707 4271 980 4368 contemplatur
998 4296 1114 4365 quam
1143 4273 1272 4353 literas,

228 4405 305 4456 non
331 4394 387 4456 est
410 4384 571 4458 hominis
594 4385 827 4481 philosophi;
853 4383 893 4456 id
919 4383 1020 4481 quod
1046 4384 1191 4459 faciunt
1217 4378 1272 4477 qui

227 4496 395 4570 videntes
412 4498 670 4593 phaenomena,
689 4523 764 4572 non
783 4497 1022 4572 considerant
1040 4522 1117 4594 qno
1134 4507 1272 4594 agente,

229 4630 301 4702 quo
319 4619 435 4699 motu,
454 4621 493 4682 et
510 4612 711 4707 quomodo
728 4611 897 4706 generari
914 4620 1129 4706 potuerunt.
1183 4608 1271 4684 Nam
