2618 5092
260 130 580 184 marannarrcn
602 131 846 182 nonrnnnra.
1019 114 1086 192 197

98 300 139 372 B.
163 301 231 373 Est
241 325 304 374 ars
315 300 588 397 qua,aqnaesiti
602 300 864 396 suppositione,
875 298 1087 394 pervenitur
1123 324 1275 365 ciaconus

58 436 111 509 per
126 414 409 510 consequentias
426 413 474 485 ad
489 435 588 501 vera,
615 423 756 486 naturae
786 411 914 485 ordine
941 411 1084 507 priora:
1128 405 1271 509 „L

59 536 89 596 et
103 526 320 621 synthetica,
336 549 411 622 qua
423 525 622 621 reciproce,
641 548 664 597 a
680 524 775 598 veris
789 523 972 620 prioribus
989 525 1090 597 veni-

60 652 110 714 tur
123 642 168 715 ad
180 643 331 739 quaesiti
346 642 629 716 conclusionem.

100 754 144 827 A.
169 755 347 829 Euclides
359 779 449 852 ergo
466 766 505 828 et
522 754 647 828 caeteri
664 755 809 850 antiqui
839 778 884 827 ea
910 765 1089 851 perpetuo

62 866 105 939 nsi
120 878 214 941 sunt.
287 868 390 943 Quid
419 868 531 954 enim,
548 891 633 941 cum
661 867 760 964 apud
788 867 871 941 illos
900 867 1091 941 theorema

62 976 136 1077 legis
153 979 254 1076 qnod
270 980 405 1077 incipit
421 1005 444 1053 a
461 978 517 1068 Si,
534 1003 656 1053 nonne
673 1003 745 1052 vox
773 979 836 1052 illa
863 979 909 1052 Si
937 979 1091 1054 denotat

63 1090 183 1188 aliquid
199 1116 281 1166 esse
300 1093 557 1190 suppositum?
607 1092 776 1190 Exempli
798 1092 940 1189 gratia3
967 1117 1091 1189 aequa-

62 1203 186 1279 itatem
202 1204 439 1302 angulorum,
457 1204 556 1278 unde
573 1228 640 1302 per
651 1206 933 1301 consequentias
944 1206 1091 1280 venitur

63 1317 101 1391 sd
113 1318 260 1416 aliquod
277 1318 393 1415 prius,
411 1343 495 1414 quae
511 1329 567 1391 est
584 1318 774 1414 aequalitas
790 1319 960 1392 laterum.
998 1320 1091 1392 Haeo

63 1440 169 1505 autem
185 1443 244 1505 est
257 1432 432 1528 analysis.
484 1431 636 1505 Deinde·
650 1431 850 1528 reciproce,
868 1455 914 1504 ex
941 1433 1092 1527 aequali-

63 1555 125 1618 ote
160 1546 322 1619 laterum
361 1545 594 1619 concluditur
635 1545 825 1641 aeqnalitas
859 1545 1090 1640 angulorum,

15 1736 19 1755 ‚
64 1657 147 1752 quod
161 1671 251 1731 ante
269 1669 352 1731 erat
366 1658 585 1754 quaesitum;
604 1681 686 1754 quae
704 1669 760 1731 est
777 1657 971 1755 synthesis.
1017 1658 1092 1732 lta-

15 1840 17 1863 ,
64 1792 120 1864 que
134 1794 179 1844 ne
195 1770 311 1845 crede
324 1770 563 1868 symbolicam
572 1771 668 1844 hanc
679 1771 895 1844 hodiernam
907 1771 1093 1845 veteribus

64 1880 168 1959 innsu
184 1884 316 1971 fuisse,
332 1895 397 1957 aut
414 1885 565 1958 omnino
583 1884 782 1981 cognitam,
800 1907 930 1980 neque,
944 1895 985 1957 ut
1012 1885 1092 1980 qui-

15 1984 21 2041 l
65 1992 134 2070 daur
152 1997 311 2071 nimium
333 1998 449 2071 astuti
470 1998 637 2071 homines
663 1997 801 2087 dixere,
832 1997 957 2071 nescio
984 2022 1094 2094 quarn

66 2107 274 2196 obcansam,
295 2108 574 2183 dissimulatam.
628 2110 703 2183 Sed
729 2110 896 2184 Wallisio
923 2110 1091 2184 laudato·

66 2218 220 2321 ribusque
238 2224 320 2320 ejus
337 2246 437 2297 nunc
453 2223 607 2313 amissis,
626 2233 883 2298 convertamur
897 2223 1041 2298 adalia.

334 2861 585 2937 DIALOGUS
613 2861 819 2937 SEXTUS.

419 3262 473 3312 DE
502 3261 727 3315 CYCLOIDE.

109 3376 152 3452 Β.
178 3378 265 3453 Post
298 3377 487 3475 cognitam
516 3378 784 3453 dimensionem
810 3378 951 3470 circuli,
977 3381 1093 3454 latere

71 3508 129 3564 non
144 3503 268 3590 potest
284 3488 464 3565 dimensio
481 3492 669 3589 cycloidis.

107 3603 148 3679 A.
171 3608 230 3681 En
246 3605 315 3680 tibi
332 3606 379 3679 de
392 3606 558 3703 cycloide
567 3606 836 3704 propositiones
846 3606 978 3703 viginti
989 3605 1091 3678 duas.

417 3804 670 3858 Pnoeosl'rlo
697 3807 724 3857 1.

109 3920 161 3997 Sit
173 3921 424 3998 semicirculus
442 3923 563 4012 BCD,
581 3925 686 4019 cujus
713 3932 882 3996 centrum
898 3919 943 3993 A.
998 3918 1091 4013 Sup-

73 4047 284 4135 ponatnrque
296 4048 477 4134 punctum
496 4037 526 4111 B
543 4035 682 4110 moveri
700 4033 932 4109 uniformiter
946 4032 983 4105 in
1004 4054 1092 4104 arcu
