2618 5092
415 628 752 683 anonomaston.
955 661 974 692 ‚
1036 613 1104 679 461

58 795 233 870 nimirum
252 794 475 892 quadratum
492 820 515 869 a
532 796 617 882 CM,
634 797 776 894 aequale
793 819 872 870 esse
890 794 1070 892 quadrato
1088 819 1110 866 a
1136 819 1146 859 ‹

60 909 124 982 CN
142 933 221 982 una
238 933 324 983 cum
343 911 454 984 tertia
471 910 585 1007 ipsius
599 922 717 1008 parte,
736 923 774 985 et
791 910 934 985 duobus
952 909 1145 1005 quadra-1,

59 1023 106 1096 tis
121 1023 170 1097 ab
184 1022 280 1111 NM,
295 1023 372 1096 sive
390 1024 465 1112 PR,
480 1027 667 1120 tangentis
682 1036 719 1098 et
738 1023 923 1099 semiradii
940 1022 1146 1123 differem-2}

59 1137 122 1223 tia,
139 1136 172 1209 si
189 1158 280 1209 vera
297 1136 345 1209 sit
361 1160 466 1232 prop.
486 1141 549 1226 47,
566 1138 683 1211 Elem.
701 1138 726 1211 i.

110 1249 233 1346 Super
247 1248 321 1322 cM
335 1251 584 1324 constituatur
593 1251 815 1348 quadratum
827 1249 983 1323 CMYX.
1015 1248 1110 1319 Item

61 1384 172 1458 super
189 1360 266 1432 ΒΜ
285 1361 534 1435 constituatur
555 1362 778 1458 quadratum
796 1361 936 1457 BMZf.
989 1360 1111 1433 Etiam

61 1497 171 1571 super
207 1473 277 1548 BN
308 1473 555 1547 constituatur
585 1476 805 1571 quadratum
837 1472 970 1571 BNglr.
1029 1472 1111 1544 Erit

61 1611 151 1685 ergo
168 1599 252 1660 tum
269 1587 342 1678 PY,
360 1599 440 1661 tum
454 1589 514 1686 gZ
533 1588 751 1684 quadratum
772 1587 990 1661 differentiae
1014 1586 1112 1658 inter

63 1699 150 1789 CM,
169 1711 386 1797 tangentem
405 1709 455 1775 30
467 1700 661 1796 graduum,
680 1714 718 1774 et
736 1700 970 1774 semiradium
987 1700 1068 1771 CN.

111 1813 272 1888 Constat
283 1825 407 1888 autem
422 1813 641 1911 quadratum
658 1815 718 1887 No
728 1814 867 1911 aequale
885 1815 965 1886 est*
978 1836 1110 1885 novem

64 1927 255 2025 quadratis
279 1952 302 2000 a
323 1928 520 2002 semiradio
540 1929 622 2002 CN.
686 1926 796 2002 Quod
814 1914 942 1999 autem
957 1926 1113 2022 quadra-

63 2054 143 2115 tum
161 2040 226 2137 Β]
247 2041 387 2136 aequale
414 2053 470 2115 est
494 2041 622 2116 decem
641 2041 831 2138 quadratis
854 2040 973 2129 aCN,
1002 2061 1113 2135 supra

65 2154 356 2231 demonstratum
374 2170 442 2229 est.

112 2270 182 2342 Est
194 2291 283 2364 ergo
300 2292 462 2364 gnomon
482 2270 544 2365 qui
563 2269 744 2365 quadrato
763 2267 825 2341 ΝΙι
842 2267 1033 2364 appositus
1046 2276 1114 2352 est,

66 2382 218 2480 aequalis
250 2380 429 2476 quadrato
463 2382 544 2454 NF.
608 2381 827 2456 Differentia
860 2392 984 2454 autem
1018 2379 1116 2450 inter

65 2494 288 2592 quadratum
314 2494 394 2569 Mx
418 2505 456 2568 et
486 2495 564 2584 NF,
588 2507 646 2567 est
675 2518 840 2590 gnomon
866 2505 1040 2567 constans
1070 2513 1116 2563 ex

66 2607 180 2705 duplo
198 2606 414 2703 rectangulo
433 2608 505 2681 MP
521 2620 560 2681 et
578 2606 759 2703 quadrato
788 2608 861 2698 PY,
884 2607 946 2681 cui
974 2604 1115 2701 aequale

66 2732 123 2796 est
139 2718 363 2819 quadratum
379 2721 451 2819 gZ.

114 2835 288 2909 Gnomon
312 2843 436 2906 autem
465 2832 529 2931 qni
555 2832 723 2929 adjectus
753 2844 811 2907 est
838 2833 1019 2931 quadrato
1043 2829 1115 2919 Nlt,

65 2947 219 3045 aqualis
236 2956 293 3019 est
309 2945 478 3043 sextuplo
495 2947 715 3042 rectangulo
733 2947 805 3019 MP
822 2969 897 3019 una
921 2969 1005 3018 cnm
1024 2968 1116 3039 qua-

67 3061 177 3135 drato
197 3060 270 3159 gZ.
323 3061 391 3133 Est
421 3070 546 3133 autern
572 3083 739 3155 gnomon
764 3059 826 3132 ille
853 3058 1004 3154 aequalis
1029 3081 1117 3152 qua-

67 3173 176 3248 drato
194 3172 392 3246 semiradii.
445 3173 571 3246 Minus
589 3196 678 3269 ergo
697 3185 753 3246 est
769 3171 990 3269 quadratum
1008 3170 1116 3242 semi-

66 3287 163 3362 radii
177 3310 288 3384 quam
305 3284 527 3382 quadratum
540 3287 730 3383 tangentis
745 3294 793 3359 30
806 3284 988 3381 graduum
1006 3282 1118 3356 tertia

67 3401 137 3489 sui,
155 3411 196 3471 et
212 3409 394 3495 praeterea
406 3408 510 3473 tanto
525 3410 705 3494 quantum
718 3409 775 3471 est
788 3397 941 3494 duplum
960 3396 1118 3493 quadra·

67 3525 149 3588 tum
167 3536 191 3586 a
207 3512 271 3586 PY
287 3512 345 3585 vel
361 3513 433 3611 gZ.

117 3626 303 3699 Excessus
325 3648 415 3721 ergo
443 3625 614 3720 quadrati
644 3625 833 3720 tangentis
863 3633 912 3699 30
935 3623 1118 3720 graduum

68 3761 182 3835 snpra
199 3736 422 3833 quadratum
446 3736 644 3826 semiradii,
662 3739 781 3833 majus
807 3748 863 3811 est
882 3761 992 3834 quam
1010 3737 1120 3809 tertia

68 3875 157 3950 pars
175 3850 348 3948 quadrati
361 3850 559 3941 semiradii‚
572 3862 679 3924 tanto
696 3862 875 3948 qnantum
893 3862 951 3924 est
967 3849 1121 3944 duplum

69 3964 295 4064 quadratum
312 3963 385 4038 PY.
414 3962 526 4038 Quod
545 3976 603 4037 est
620 3975 751 4037 contra
763 3987 870 4059 prop.
889 3968 950 4049 47,
964 3962 1079 4033 Elam.
1094 3961 1119 4031 i.

119 4078 237 4151 Error
252 4087 378 4152 autem
394 4075 455 4148 hic
468 4076 508 4148 in
521 4075 710 4171 quadratis
726 4076 827 4172 ipsis,
842 4085 883 4148 ut
900 4073 1014 4158 videa,
1032 4073 1121 4144 satis

69 4189 410 4280 estsensibilis,etsi
421 4188 461 4262 in
471 4188 648 4262 lateribus
659 4200 821 4261 nontam
834 4187 943 4261 facile
954 4196 1120 4282 apparet.

69 4303 277 4401 Apparebit
302 4314 438 4391 antem,
456 4302 488 4374 si
514 4299 616 4394 (ιὰ-ζ
641 4315 754 4375 rectae
781 4301 844 4374 BG
870 4299 1055 4373 addideris
1082 4299 1121 4371 in

71 4417 256 4492 directum
282 4417 426 4490 radium
453 4425 586 4505 totum,
613 4416 689 4490 sive
706 4413 759 4506 -’ξ-,
784 4426 894 4512 atque
919 4415 1015 4487 inter
1039 4412 1120 4485 illas

382 4602 400 4636 ⁴
423 4600 473 4663 Sic
486 4602 556 4660 edit.
575 4603 652 4660 1666
665 4610 696 4660 et
713 4600 799 4658 1668.
