2618 5092
69 884 138 927 GAP.
153 886 185 927 Χ.

50 954 195 989 s—e-u

238 677 311 745 412
376 693 431 745 un
450 690 684 745 enuncians
703 691 755 746 nr
771 686 1149 745 narrocmauuoun

239 858 489 943 militudines;
515 883 672 956 cumque
700 856 883 955 principia
905 852 1191 939 demonstrandi
1212 852 1276 929 sint

54 1012 202 1071 Mum,
240 971 474 1045 definitiones
489 1001 498 1045 ε
516 971 702 1070 quomodo
718 970 889 1045 excusari
899 980 1065 1067 possunt
1079 966 1276 1067 gwmmria

238 1086 417 1181 magistri,
434 1086 497 1182 qui
513 1096 620 1159 tanto
636 1084 719 1159 aliis
734 1082 986 1159 accuratiores
1001 1080 1136 1159 haberi
1148 1081 1275 1171 volunt,

53 1078 183 1136 paneae

238 1196 339 1294 quod
362 1221 543 1295 nusquam
569 1222 689 1295 neque
714 1194 976 1295 quantitatem,
1001 1216 1128 1293 neque
1142 1216 1276 1267 mcum·

237 1335 329 1399 ram,
340 1334 459 1408 neque
477 1310 753 1385 similitudinem
769 1307 1019 1401 definierunt:
1035 1330 1158 1407 nequa
1171 1306 1276 1405 ipeau

236 1423 568 1521 geometriammui,
577 1420 950 1513 utviueturntudere
961 1418 1135 1497 hominu
1145 1442 1275 1519 aquina

237 1560 317 1610 esse
346 1537 662 1622 existimaverunt,
677 1550 877 1634 autequam
901 1535 1045 1611 scirem
1068 1534 1135 1609 cni
1162 1532 1275 1609 ama

237 1650 483 1725 Geometriam
501 1662 604 1725 recte
619 1648 776 1725 definias
800 1670 894 1737 esse,
916 1648 1120 1723 scientiane
1142 1670 1216 1747 qna
1235 1670 1276 1721 ea

237 1761 368 1862 aliqua
400 1763 461 1837 oct
488 1761 677 1862 aliquibus
700 1761 1026 1862 magnitudinibus
1051 1758 1275 1849 monemuth,

238 1875 493 1974 cognoscimur
506 1900 582 1974 per
597 1874 920 1949 ratiocinationem
935 1874 1041 1950 aliae
1057 1900 1131 1949 non
1147 1898 1275 1949 nenia

238 1998 344 2062 ratae
357 2017 371 2061 .·
402 2013 613 2063 mensuram
641 2002 768 2063 autem
792 2012 885 2078 esse,
911 1986 1115 2062 materiale
1147 1984 1277 2085 aliquid

238 2104 341 2202 qaod
362 2102 513 2177 babenti
540 2102 834 2204 magnitudinem
850 2101 1088 2201 applicatam
1105 2098 1216 2175 renel
1227 2097 1276 2174 uel

231 2216 393 2316 pluries,
411 2217 533 2315 meam
549 2226 699 2313 oeqnot3
723 2216 891 2291 videmus
919 2216 1020 2290 enim
1045 2217 1164 2291 lineas
1186 2238 1273 2288 mcu-

238 2331 356 2404 surari
373 2331 479 2426 pede,
496 2330 662 2420 brachio,
680 2343 765 2418 ete„
782 2330 894 2426 plana
921 2330 1056 2427 planis,
1085 2331 1203 2405 solida
1225 2352 1273 2401 so

238 2443 334 2533 lidis,
357 2445 471 2518 fluida
488 2445 636 2518 vasibus
663 2469 729 2518 seu
758 2445 849 2518 locis
876 2445 1068 2541 congruis.
1122 2443 1273 2541 AEqualia

238 2571 362 2631 autem
380 2583 459 2630 esse
478 2559 591 2647 dices,
610 2585 688 2655 piace
711 2559 828 2632 cidem
856 2557 937 2631 Ioco
965 2583 1177 2657 congruere
1198 2579 1272 2655 poa·

238 2681 344 2743 anat:
360 2671 502 2757 similia,
514 2697 592 2767 paee
603 2671 683 2743 sola
694 2671 872 2767 afferant
884 2672 1166 2769 niagnitadine:
1176 2694 1272 2767 quau·

240 2784 385 2856 litatem
409 2783 567 2880 denique
595 2782 886 2881 nangaitautinem
911 2783 1123 2878 definitam,
1147 2804 1271 2878 nempe,

238 2897 466 2993 expositione
483 2911 549 2970 aut
562 2898 835 2993 comparatione
849 2922 935 2969 cum
946 2898 1022 2970 alia
1034 2897 1271 2995 magnitudine

239 3010 400 3106 cognita.
453 3010 545 3083 Qum
563 3009 794 3083 definitiones
811 3022 849 3082 et
865 3008 994 3083 faciles
1013 3024 1114 3100 sunt,
1132 3024 1170 3084 ct
1186 3009 1270 3107 pu'n-

238 3123 336 3220 cipia
352 3122 641 3197 demonstrandi.

289 3237 447 3325 Clavins,
466 3237 514 3310 ad
539 3260 646 3333 prop.
666 3245 727 3309 22.
752 3235 861 3334 hujus
878 3237 1066 3311 Elemeuti
1092 3238 1204 3327 tertii,
1221 3234 1270 3308 de·

237 3363 431 3439 monstrat,
449 3350 547 3448 quod
564 3351 599 3422 ai
616 3350 690 3424 duo
708 3358 773 3422 aat
794 3350 931 3448 plnres
948 3350 1090 3423 circuli
1106 3376 1148 3424 ae
1165 3360 1269 3423 mata

238 3473 399 3559 tangant
414 3463 567 3536 interius
586 3463 623 3535 in
643 3486 713 3534 aino
726 3472 877 3559 parieta,
897 3488 922 3535 a
936 3489 1006 3560 qao
1025 3464 1112 3538 daec
1124 3476 1190 3537 aat
1199 3461 1271 3561 pla·

237 3599 299 3646 rea
316 3586 428 3649 rectae
444 3576 658 3665 educantur,
676 3586 785 3648 mant
802 3586 840 3648 et
858 3600 972 3648 arcaea
990 3576 1091 3650 inter
1107 3598 1271 3675 quaecun-

237 3712 304 3783 que
318 3689 413 3761 dam
430 3689 551 3761 lineae
565 3689 777 3787 intercepti,
789 3698 827 3761 et
841 3711 956 3760 arcae
974 3689 1077 3762 inter
1090 3712 1272 3789 qimmcaa·

236 3825 308 3898 qac
319 3800 502 3874 lineamet
514 3811 692 3899 punctam
707 3811 898 3873 contactas
909 3801 1121 3901 intercepti,
1134 3800 1272 3875 similer.

236 3914 404 4009 Exempli
422 3914 563 4011 gratia:
592 3915 628 3986 in
650 3915 770 4009 figura
787 3914 835 3986 ad
853 3916 946 4011 Cap.
965 3915 1043 4003 viii,
1067 3940 1177 3989 arcus
1193 3914 1272 3988 duos

238 4028 324 4116 ΒΜ,
338 4028 406 4100 ΒΝ
425 4028 656 4100 demonstrat
669 4051 749 4100 esse
767 4027 914 4100 similes.
949 4028 999 4101 Et
1009 4029 1161 4126 quidem
1174 4040 1272 4101 recte

239 4142 312 4215 Sed
330 4165 376 4215 ex
394 4165 438 4214 eo
456 4152 629 4237 sequetur
645 4163 773 4213 arcum
790 4152 989 4237 utrumque
1007 4141 1147 4216 habere
1162 4142 1274 4215 latitu-

237 4255 359 4329 dinem
378 4255 549 4352 aliquam,
567 4255 745 4352 majorem
762 4256 952 4351 majorem,
971 4254 1154 4331 minorem
1170 4256 1273 4329 mino

237 4392 339 4442 rem:
367 4368 503 4466 alioqui
529 4367 662 4441 falsum
690 4367 773 4456 erit,
801 4366 931 4464 Apelle
955 4367 1100 4466 judice,
1125 4369 1185 4444 vel
1212 4367 1274 4441 alio

238 4484 366 4577 quovis
399 4482 562 4579 pictore:
600 4504 685 4555 cum
719 4480 757 4553 in
788 4480 970 4555 similibus
1004 4483 1168 4558 arcubus
1196 4481 1273 4555 ine·

236 4594 405 4688 qualibus
450 4593 664 4670 latitudines
715 4594 881 4691 ipsorum
926 4618 1086 4672 arcuum
1127 4594 1273 4696 aequales
