2618 5092
402 639 738 693 anounraaauu.
1017 624 1091 688 413

34 836 113 887 esse
137 835 219 885 non
235 819 407 908 possunt,
425 808 492 881 scd
516 808 555 881 in
581 807 746 904 ipsorum
767 829 920 879 arcuum
948 804 1092 877 ratione
1148 832 1215 871 cm.
1232 831 1262 869 x.

37 924 253 1023 inequales.
308 922 429 996 Etiam
447 934 491 994 ut
516 921 768 1017 longitudines
791 918 989 1015 inaequales
1006 942 1093 1014 qua·
1136 897 1285 1018 Μ

39 1052 146 1113 tenus
165 1035 424 1133 longitudines
441 1034 576 1107 similes
591 1035 677 1124 sint,
693 1033 795 1106 dictu
812 1031 1011 1106 absurdum
1026 1043 1092 1103 est.
1137 1029 1265 1086 Pfifflffl·

89 1151 293 1225 Hactenus
310 1163 464 1246 peccata
481 1147 740 1221 definitionum
757 1146 921 1220 Euclidis
938 1145 1096 1218 leviora:

45 1289 124 1362 quae
140 1276 287 1352 tamen,
303 1262 336 1335 si
353 1260 686 1335 demonstrationes
700 1259 819 1332 nullas
833 1258 1013 1347 inliciunt,
1029 1280 1096 1353 pro

44 1377 152 1453 nullis
168 1377 394 1451 habeantur.
438 1373 588 1448 Accede
601 1374 680 1469 jam
697 1372 746 1445 ad
763 1371 996 1445 definitiones
1013 1371 1097 1444 Ele-

46 1490 159 1566 meuti
170 1489 312 1589 quinti,
326 1511 408 1585 quae
421 1488 610 1585 pertinent
628 1486 676 1560 ad
690 1485 897 1560 doctrinam
911 1485 1098 1560 rationum

45 1615 83 1679 et
96 1603 403 1703 proportionum,
420 1599 633 1700 geometria
648 1599 858 1674 medullam.

477 2191 582 2266 ΟΑΡ.
618 2192 686 2265 XI.

435 2376 489 2428 DE
528 2377 728 2429 RATIONE.

55 2510 196 2585 Palma
210 2514 282 2594 est,
293 2527 395 2603 para
405 2514 463 2578 ert
475 2505 696 2604 magnitudo
709 2505 976 2606 magnitudinis
987 2507 1105 2579 atiamr

55 2622 228 2720 majoris,
246 2642 329 2692 cum
342 2619 459 2691 minor
472 2620 620 2692 metitur
637 2622 822 2716 majorem.
877 2621 917 2694 Si
930 2645 998 2717 per
1008 2646 1107 2719 par-

58 2744 130 2810 tem
160 2731 350 2828 intelligat
375 2745 520 2828 partem
550 2732 763 2828 aliquotam,
792 2748 832 2806 et
858 2734 956 2807 iuter
983 2746 1107 2830 partes

58 2848 244 2944 aliquotas
281 2857 451 2920 numerat
480 2858 614 2935 totum,
644 2847 745 2938 (nam
781 2847 922 2944 aequale
957 2848 1109 2920 metitur

60 2959 235 3059 aequale),
253 2958 352 3032 bona
368 2972 445 3033 est:
471 2971 510 3032 et
526 2957 655 3033 eadem
673 2959 712 3032 in
728 2959 836 3034 lineis
853 2972 909 3033 est
926 2983 998 3045 res,
1008 2983 1110 3057 pars

60 3085 100 3147 et
116 3094 302 3146 mensura.

112 3184 294 3260 Definitio
321 3183 453 3256 tertia:
483 3182 599 3258 Ratio
622 3193 679 3257 eat
704 3184 862 3259 duarum
884 3185 1112 3284 magnitudi-

62 3321 150 3372 num
179 3295 343 3391 ejusdam
370 3296 528 3394 generis
561 3307 688 3370 mutua
715 3298 886 3396 quadam
919 3298 1114 3371 secundum

64 3410 318 3508 quantitatem
347 3408 537 3483 habitudo.
591 3410 683 3485 Quis
714 3435 759 3484 ex
790 3411 1004 3486 definitione
1030 3412 1113 3500 hac,

66 3521 202 3597 [atina
216 3523 294 3596 sive
304 3522 445 3613 Graeca,
457 3536 628 3597 naturam
639 3525 792 3599 rationis
802 3526 1115 3622 comprehendere

66 3635 260 3710 intellectu
274 3634 417 3733 potest?
454 3636 555 3711 Quid
569 3637 737 3711 enimest
753 3637 918 3735 ejmdem
927 3640 1115 3738 generis?

68 3748 145 3824 Ubi
161 3749 234 3823 hoc
253 3749 293 3822 iu
320 3748 624 3824 antecedentibus
653 3750 876 3846 explicavit?
929 3753 1031 3826 Quid
1060 3765 1117 3825 est

66 3860 162 3937 illud
179 3861 360 3959 madum,
378 3862 455 3935 sive
481 3862 539 3956 (ut
560 3862 689 3937 Graece
712 3866 835 3958 sonat)
861 3864 1041 3963 aliqualis
1052 3865 1118 3936 lra-

70 3973 235 4049 titudo?
300 3974 401 4050 Quid
429 3974 588 4072 deniqne
615 3975 826 4052 habirudar
888 3978 1018 4074 Neque
1046 3980 1117 4050 hoe

69 4111 227 4185 usquam
241 4086 420 4174 definivit,
437 4111 558 4184 neque
572 4090 831 4185 quantitatem.

122 4201 252 4276 Ideam
268 4201 423 4276 rationis
443 4200 506 4297 (de
518 4224 592 4297 qua
603 4203 676 4276 hoc
692 4203 775 4277 loco
789 4201 976 4295 Euclides)
991 4226 1118 4276 omnes

71 4312 278 4412 perlectam
304 4313 456 4389 habeut.
508 4314 698 4390 Mercator
725 4315 808 4404 scit,
836 4338 883 4389 ex
914 4316 1120 4412 quantitate

71 4424 217 4502 colim
233 4450 257 4501 a
272 4449 313 4501 se
328 4425 507 4525 pecuniae,
525 4438 705 4524 quantum
727 4428 864 4502 habere
887 4425 998 4501 debet
1014 4429 1120 4504 lucri.

74 4537 239 4617 Caluum
254 4563 331 4617 nou
346 4538 495 4639 ignorat
511 4552 692 4641 quantum
704 4563 813 4618 usum
822 4539 904 4640 agri
916 4543 1122 4620 communis
