2618 5092
369 460 376 474 Ο

284 690 869 744 marnuuarlcnnonrnnrrm.
1046 675 1094 742 69

53 880 134 954 quas
154 879 339 954 superare
364 857 545 947 nesciunt,
563 880 611 930 ne
633 880 771 931 errasse
793 856 999 942 videantur,
1025 858 1094 930 fin·
1131 884 1282 926 unrocus

52 981 138 1067 gunt
160 970 359 1068 possibilia
381 993 461 1044 esse
486 995 567 1067 quae
591 996 666 1045 non
695 984 782 1045 sunt
808 971 1008 1068 possibilia,
1035 972 1094 1045 vel
1134 967 1277 1071 „L

53 1085 176 1159 dicunt
193 1083 343 1181 aliquid
360 1085 459 1180 quod
478 1108 554 1158 non
579 1085 695 1182 possit
711 1085 867 1182 intelligi
882 1116 892 1169 ;
919 1083 1095 1180 recipitur

53 1211 171 1272 tamen
188 1199 239 1273 ab
256 1198 317 1287 iis,
332 1199 397 1295 qui
414 1199 557 1272 malunt
569 1200 648 1272 sine
666 1198 833 1272 molestia
845 1199 980 1271 habere
995 1197 1094 1295 quod

54 1312 186 1401 dicant,
206 1335 322 1408 qnam
336 1335 423 1384 cum
438 1312 606 1385 molestia
623 1311 723 1408 quod
740 1311 913 1384 sentiant.

100 1421 147 1496 B.
173 1424 362 1497 Videntur
378 1435 501 1497 entem
526 1423 731 1519 intelligere
752 1423 891 1520 aliquid
908 1447 974 1519 per
995 1447 1096 1497 rare-

54 1537 250 1611 factionem
263 1550 305 1611 et
323 1537 669 1611 condensationem:
696 1537 834 1632 alioqui
850 1561 925 1611 non
942 1537 1096 1611 insulta-

55 1663 133 1725 rent
149 1651 188 1725 in
205 1674 273 1724 eos
292 1649 357 1747 qui
375 1650 538 1723 sentiunt
554 1650 791 1724 contrarium.

102 1762 148 1838 A.
173 1765 285 1849 Puto,
320 1763 393 1836 hoc
426 1763 610 1847 sentiunt;
647 1763 686 1836 in
720 1764 939 1836 tumescenti
972 1763 1095 1858 aliquo

57 1900 217 1974 corpore,
253 1875 349 1949 nihil
379 1875 432 1949 illi
461 1875 655 1949 admisceri
685 1876 848 1971 eorporis
877 1875 1094 1949 adventitii:

56 2004 107 2080 ut,
124 1989 229 2064 verbi
246 2013 372 2071 causa,
390 1988 565 2061 bulliente
585 2013 680 2084 aqna
702 1988 794 2061 nihil
819 1989 1012 2062 admisceri
1029 2014 1096 2085 pu·

58 2116 135 2178 tant
151 2103 261 2194 aeris,
275 2103 342 2175 sed
356 2103 473 2198 ipsam
487 2127 631 2198 aquam,
645 2102 799 2175 eandem
813 2103 1044 2190 existentem,
1059 2102 1097 2174 in

58 2220 169 2314 majus
187 2215 344 2290 extendi
368 2215 526 2311 spatium
546 2215 629 2289 loci.
681 2214 755 2288 Sed
782 2215 891 2311 ipsos,
920 2214 984 2310 qui
1009 2214 1097 2288 doc-

59 2333 189 2404 trinam
207 2332 308 2404 hane
326 2328 373 2401 de
396 2328 639 2401 rarefactione
664 2342 703 2401 et
720 2329 1006 2402 condensatione
1033 2329 1097 2402 do-

60 2469 136 2518 cere
169 2445 307 2538 solent,
353 2442 463 2515 unico
497 2455 643 2515 tantum
678 2454 894 2538 argumento
931 2466 1098 2516 cessuros

61 2558 185 2633 credo:
213 2556 403 2644 nimirum,
433 2556 552 2652 siqui
579 2556 802 2652 stipendium
819 2557 997 2646 Wallisio,
1028 2557 1099 2630 dis·

61 2685 270 2767 pensatores
304 2669 474 2742 beneficii
505 2668 690 2759 Serviliam,
719 2671 874 2744 soluturi
903 2683 1001 2760 sunt,
1030 2695 1098 2767 pro

63 2785 180 2858 solidis
208 2793 450 2856 numerarent
474 2782 527 2856 illi
552 2781 706 2855 totidem
732 2783 971 2873 semisolidos,
1000 2784 1098 2858 diee-

62 2911 212 2996 rentqne
235 2896 375 2971 solidos
397 2919 474 2969 esse
500 2896 648 2993 frigore,
676 2898 736 2971 eui
761 2898 913 2972 fortuito
941 2900 1098 2994 expositi

62 3013 221 3102 fuissent,
240 3009 498 3099 condensatos,
519 3035 593 3083 non
616 3027 708 3107 puto
731 3012 896 3085 erederet
912 3013 1098 3085 Wallisius

64 3125 96 3199 id
110 3127 192 3199 fieri
208 3121 402 3219 (quiequid
421 3123 511 3196 alias
528 3124 687 3197 scribere
706 3124 836 3215 soleat)
856 3124 1031 3221 potuisse.

107 3238 281 3312 Secunda
315 3235 481 3310 definitio
511 3250 567 3310 est
597 3237 843 3335 multiplieis;
875 3239 1001 3334 proba,
1031 3263 1099 3312 nec

65 3351 226 3426 difficilis.
263 3349 393 3423 Tertia
405 3362 461 3422 est
473 3350 635 3422 rationis
647 3378 660 3433 ;
691 3350 778 3423 satis
795 3351 932 3447 inepta.
972 3351 1099 3442 Ratio,

64 3465 190 3562 inquit,
204 3472 262 3536 est
281 3462 441 3537 duorum
457 3463 752 3561 magnitudinum
768 3465 931 3560 ejusdem
946 3467 1099 3564 generis

64 3589 182 3652 mutuo
198 3575 372 3675 quedam
387 3574 574 3649 habitudo.

108 3693 158 3766 B.
186 3688 362 3783 intelligo
379 3710 442 3761 eos
466 3689 529 3785 qui
552 3689 751 3784 loquuntur
778 3690 824 3765 de
854 3693 1008 3783 ratione,
1036 3694 1100 3768 sed

64 3805 105 3880 de
122 3803 341 3880 habitudine
364 3803 555 3899 loquentes
575 3827 652 3877 non
677 3804 854 3902 intelligo.
908 3806 1101 3881 Hoditodo

63 3922 106 3994 ab
119 3917 292 3993 ludendo
310 3915 458 3989 dicitur.
511 3917 648 3991 Qnaero
668 3919 792 4014 igitur,
813 3920 901 4015 quid
928 3922 1102 4019 estquod

63 4034 230 4107 hocloco
247 4028 386 4112 habea·
413 4029 624 4126 quidquod
649 4031 830 4116 habetem,-
864 4046 901 4106 et
932 4059 978 4107 on
1009 4036 1103 4109 ratio

64 4148 204 4220 dicatur
225 4141 417 4230 tabitudo,
442 4144 488 4215 ab
514 4168 558 4215 eo
582 4143 682 4240 quod
708 4146 787 4241 ipsa
816 4146 925 4219 habet
952 4147 1103 4244 aliquid,

64 4262 118 4334 vel
135 4261 181 4333 ab
200 4282 245 4332 eo
265 4256 366 4353 quod
383 4255 540 4328 habetur
551 4283 565 4340 ;
596 4268 634 4329 et
655 4257 834 4354 siquidem
851 4259 997 4348 lrabeat,
1016 4260 1105 4354 quid

63 4375 108 4448 sit
124 4373 223 4470 quod
241 4368 352 4443 labet
362 4397 376 4453 ;
403 4370 459 4442 sin
477 4369 670 4456 habeatur,
688 4396 711 4444 a
728 4397 801 4468 quo
812 4373 979 4445 habetor.
1012 4373 1104 4446 Quae

64 4489 183 4561 omnia
196 4497 286 4560 sunt
303 4484 439 4580 inepta.

111 4601 159 4676 A.
183 4602 271 4676 Vox
290 4598 353 4671 illa
369 4597 598 4672 habitudinis
615 4599 816 4675 aformulis
834 4600 1007 4696 loquendi
1026 4611 1106 4674 orta
