2618 5092
364 633 700 688 nnouuraaauu.
981 620 1053 685 425

12 803 191 877 rationem
219 802 379 892 unicam,
408 815 446 877 et
478 804 659 877 rationem
677 814 698 879 5
717 802 765 876 ad
793 811 807 876 l
836 826 915 876 esse
945 803 1056 875 etiarn
1090 828 1158 871 ιιι.
1175 829 1242 869 ιιιι.

12 917 157 990 unicam
177 928 217 989 et
235 916 305 1012 ipsi
322 917 525 1012 aequalem;
545 930 582 990 et
595 918 779 990 rationem
792 925 840 989 25
855 916 903 989 ad
927 926 939 989 Ι
960 939 1057 988 com·
1087 897 1241 1002 affl

12 1030 96 1126 poni
127 1054 175 1103 ex
205 1029 277 1102 illis
306 1030 507 1102 rationibus
534 1030 676 1103 duabus
694 1030 904 1126 aequalibus.
959 1029 1059 1104 Quid
1087 1023 1180 1068 ⁰⁸¹⁰¹¹¹⁰·

14 1143 111 1217 aliud
130 1166 223 1238 ergo
242 1155 354 1238 negat
371 1143 529 1231 Clavius‚
549 1144 619 1216 nisi
642 1145 824 1218 rationem
850 1167 896 1216 ex
919 1143 1061 1216 duabus

12 1256 220 1330 rationibus
238 1256 440 1353 aequalibus
458 1258 697 1353 compositam
712 1257 938 1331 constituere
953 1257 1062 1329 unius

13 1394 139 1444 earum
177 1368 352 1465 duplam?
405 1369 480 1443 Cur
513 1384 636 1443 autem
670 1371 741 1443 hoo
775 1369 912 1467 negat?
965 1369 1063 1444 Quia

13 1506 191 1558 numerus
210 1492 258 1556 25
276 1483 421 1556 numeri
440 1493 461 1556 5
477 1496 532 1556 est
547 1483 787 1580 quintuplus:
815 1483 955 1556 scilicet
972 1482 1064 1556 obli-

12 1610 70 1672 tus
89 1596 323 1695 quaestionis,
342 1621 424 1693 quae
441 1620 516 1669 non
537 1596 745 1670 instituitur
770 1596 817 1669 de
834 1620 986 1670 numero
1005 1596 1063 1669 vel

13 1709 272 1808 magnitudine
290 1708 413 1805 aliqua
430 1709 610 1797 absoluta,
629 1734 711 1806 quae
729 1711 777 1785 sit
794 1710 944 1783 alterius
957 1710 1064 1806 quin-

13 1824 131 1922 tupla,
150 1823 217 1896 sed
236 1821 282 1895 de
300 1823 442 1896 ratione
460 1848 543 1920 quae
560 1837 617 1897 est
634 1823 849 1920 magnitudo
874 1847 1064 1919 eompara-

14 1938 115 2020 tiva;
144 1935 268 2032 itaque
286 1934 467 2009 rationem
486 1937 633 2010 unicam
650 1947 698 2012 25
723 1936 771 2009 ad
791 1946 812 2010 5
837 1938 1065 2033 computavit

14 2073 84 2147 pro
103 2049 268 2145 quinque
286 2048 501 2122 rationibus.
542 2048 661 2122 Natus
680 2062 736 2122 est
755 2072 858 2121 error
878 2049 1006 2138 Cluvii,
1019 2073 1065 2121 ex

14 2187 61 2237 eo
78 2161 179 2260 quod
196 2160 307 2256 vulgo
325 2161 423 2258 apud
442 2162 722 2235 mathematicos
747 2163 949 2236 vocabatur
969 2163 1065 2235 ratio

18 2274 207 2372 quintupli
223 2274 272 2347 ad
288 2274 458 2371 simplum
485 2275 679 2372 quintupla
702 2276 808 2365 rati0,
831 2287 868 2348 et
885 2277 980 2349 ratio
998 2274 1066 2347 du-

18 2388 71 2485 pli
107 2388 156 2462 ad
191 2386 362 2481 simplum
395 2387 453 2481 (nt
481 2388 598 2461 Elem.
629 2389 677 2461 ix.
709 2390 817 2485 Prop.
851 2389 936 2482 ult.)
970 2389 1066 2461 ratio

18 2501 143 2599 dupla,
170 2500 338 2596 imperite
369 2511 408 2575 et
432 2501 540 2575 falso:
568 2526 654 2575 nam
684 2503 780 2576 ratio
807 2512 829 2577 2
860 2503 909 2576 ad
944 2510 956 2574 l
993 2525 1068 2574 non

18 2628 76 2689 est
118 2614 215 2687 ratio
259 2613 381 2710 dupla,
420 2615 486 2688 sed
524 2616 666 2713 simpla,
704 2641 836 2714 nempe
874 2615 977 2713 dupli
1023 2614 1072 2688 ad

19 2728 204 2825 simplum.
257 2727 387 2823 Neque
404 2728 602 2825 quicquam
619 2730 718 2803 valet
736 2730 837 2827 quod
855 2729 1071 2806 illustratio-

18 2844 78 2916 nis
96 2863 207 2915 oansa
232 2840 433 2937 subjungit,
461 2842 768 2939 quemadmodum
787 2845 901 2919 etiam
918 2868 1071 2941 propor-

18 2954 73 3029 tio
91 2953 242 3050 ootupla
259 2952 371 3049 dupla
388 2965 444 3026 est
460 2955 709 3051 proportionis
727 2955 965 3052 quadruplae:
986 2981 1070 3030 cum

21 3080 148 3141 tamen
179 3066 393 3165 quadruplae
421 3066 608 3165 duplicata
635 3071 683 3142 sit
711 3069 918 3164 sedecupla,
941 3082 982 3143 ut
1009 3070 1069 3142 hic

21 3192 126 3278 patet
149 3188 356 3254 16-4-1.
408 3173 567 3254 Difficile
595 3192 778 3278 conceptu
807 3193 864 3254 est
883 3183 1069 3277 quomodo

22 3294 177 3390 octupla
192 3294 382 3390 proportio
397 3295 515 3391 magis
533 3296 581 3368 sit
594 3294 809 3391 quadruplae
822 3292 944 3390 dupla,
959 3320 1069 3392 qnam

22 3406 249 3503 octuplicata
261 3407 309 3479 sit
320 3406 609 3504 quadruplicata
620 3406 817 3502 duplicata.
845 3407 934 3480 Esto
946 3421 1070 3483 autern

23 3519 177 3616 octupla
192 3520 384 3616 proportio
402 3519 619 3616 quadrupla
642 3519 765 3615 dupla.
818 3519 919 3595 Quid
950 3522 1070 3618 sequi-

23 3631 115 3708 tur?
168 3632 314 3720 Nonne,
337 3632 648 3729 quemadmodum
678 3633 717 3706 in
745 3633 802 3706 his
832 3634 995 3708 numeris
1027 3645 1070 3709 16

23 3747 189 3822 unitates
214 3746 336 3843 duplae
362 3758 450 3820 sunt
478 3758 562 3821 octo
590 3748 796 3831 unitatum;
822 3747 877 3821 ita
904 3747 1072 3823 sedecem

25 3860 191 3935 rationes
226 3860 356 3957 duplas
387 3883 467 3934 esse
498 3871 582 3934 octo
609 3861 819 3935 rationum:
856 3873 893 3935 et
917 3862 1071 3958 proinde

27 3975 142 4048 etiam
170 3973 261 4047 duas
285 3974 457 4062 rationes,
480 3982 524 4046 16
549 3973 597 4047 ad
621 3984 657 4061 4,
676 3985 715 4046 et
740 3984 762 4046 4
788 3973 836 4047 ad
866 3984 896 4060 l,
923 3974 1071 4071 duplam

22 4111 108 4162 ‘esse
126 4086 280 4161 rationis
301 4095 345 4160 16
364 4086 412 4160 ad
429 4097 465 4176 4,
483 4087 581 4160 velt
606 4086 655 4161 ad
678 4096 690 4159 Ι
709 4117 718 4171 ;
745 4087 785 4160 id
802 4086 901 4184 qnod
926 4087 1071 4160 Clavius

30 4201 325 4276 demonstratum
342 4198 484 4273 nollet?

80 4319 283 4406 Postremo,
302 4316 479 4411 objiciens
497 4316 640 4412 quaerit,
658 4316 697 4388 in
714 4315 832 4389 tribus
849 4315 1073 4413 magnitudi-

27 4433 140 4506 nibus
158 4429 371 4526 aequalibus‚
388 4428 448 4502 vel
473 4429 511 4502 in
530 4430 646 4503 tribus
673 4428 873 4526 aequalibus
900 4431 1073 4520 numeris,

34 4557 72 4620 nt
104 4554 241 4634 4.4.4,
267 4555 380 4640 atque
406 4542 499 4617 adeo
527 4543 700 4617 continue
730 4541 1074 4638 proportionalibus
