2618 5092
268 670 593 726 uarnnmarrcm
613 671 856 726 consanum.
1038 655 1084 722 35

43 861 115 935 ergo
147 837 192 912 id
230 839 340 936 quod
375 848 487 930 recte,
527 863 612 912 cnm
644 839 767 934 vulgo,
807 849 894 912 ante
928 837 1083 928 dixerat,
1117 857 1261 901 oramen

43 951 176 1026 numeri
192 953 428 1051 principium
448 975 527 1026 esse
543 953 736 1041 unitatem,
761 975 861 1026 nunc
885 962 1007 1025 mutat
1020 951 1085 1024 l-
1125 940 1261 1045 ῥ’..

43 1066 117 1140 sed
147 1075 188 1140 ct
219 1066 313 1167 ipsu
347 1066 472 1140 unicas
504 1089 575 1140 noa
604 1066 825 1140 incommode
857 1089 1086 1139 numerator

43 1179 219 1280 omologo
236 1180 431 1255 ucccrtscrr'
439 1179 824 1278 possit-Quomodo
850 1204 925 1253 non
944 1180 1086 1253 iucom-

42 1293 159 1385 mode,
176 1294 253 1368 uisi
273 1305 313 1369 et
330 1292 444 1368 vere?
487 1292 562 1367 Sed
587 1317 700 1390 quare
724 1317 801 1367 non
825 1291 1084 1367 incommode?

42 1405 149 1496 Quia.
167 1431 344 1481 aunem
360 1407 408 1480 dc
423 1406 520 1480 omni
541 1404 606 1479 illo
628 1405 770 1480 dicitur
793 1429 866 1504 qao
891 1406 1088 1505 quaestioni

42 1532 133 1616 quot
149 1533 242 1594 suut
258 1519 482 1616 affirmative
497 1519 769 1618 respondetur:
794 1530 832 1593 et
849 1519 947 1617 quia,
964 1519 1085 1592 arith·

42 1632 175 1707 mica
187 1632 317 1707 eodem
329 1632 434 1707 modo
451 1641 490 1707 et
502 1632 680 1706 unitatem
696 1643 733 1707 et
750 1643 907 1708 caeteros
918 1655 1086 1706 nomem

42 1753 199 1820 tractat
282 1745 406 1819 Multa
432 1745 546 1819 habet
574 1745 803 1820 theoremata
837 1745 1010 1820 Euclides
1039 1745 1086 1819 de

42 1858 204 1932 numeris
217 1869 305 1956 post
320 1858 502 1932 unitatem
520 1869 623 1932 certa
638 1859 781 1932 ratione
791 1857 1085 1956 procedentibus,

42 1970 85 2046 de
99 1971 249 2047 unitate
265 1971 420 2046 nullum.
464 1971 596 2069 Neque
616 1972 764 2068 quidem
782 1971 942 2046 numeris
959 1971 1086 2069 primis

42 2097 215 2159 accenset
224 2084 529 2158 unitatem-Et
545 2082 689 2180 quidem
701 2084 807 2181 opud
817 2084 1086 2182 grammaticos

42 2195 1087 2296 meruseingulcrisriocroloecirmodicitur.-Quam·

42 2333 151 2406 quam
167 2310 212 2384 in
228 2310 302 2383 hac
317 2309 521 2406 qnaestione
540 2309 865 2406 grammaticorum
881 2309 1087 2383 authoritas

42 2448 113 2499 uon
128 2423 295 2498 multum
310 2423 433 2497 valere
450 2421 594 2512 debeat,
612 2446 687 2496 non
711 2433 834 2497 tamen
858 2422 943 2497 ideo
960 2422 1088 2497 dicunt

41 2561 237 2612 numerum
254 2536 491 2634 singularem,
513 2535 613 2632 quod
634 2537 788 2610 credant
809 2536 991 2611 unitatem
1007 2559 1087 2611 esse

41 2673 249 2736 numerum,
272 2648 339 2722 sed
364 2649 465 2746 qnod
489 2649 530 2722 in
553 2672 707 2724 numero
733 2650 881 2747 quidem
910 2650 1087 2748 singulari

41 2763 240 2837 flexionem
273 2774 416 2860 ponant
448 2761 608 2836 nominis
649 2763 750 2860 quod
791 2764 975 2861 significat
1007 2787 1086 2838 rem

41 2899 164 2967 anam,
189 2875 232 2951 in
263 2875 397 2973 plurali
423 2885 559 2965 autem,
583 2875 743 2950 nominis
770 2876 871 2972 quod
901 2875 1086 2972 significat

41 3013 98 3064 res
112 2989 254 3088 plures.

88 3103 139 3177 Β.
157 3116 292 3198 ἀκριβῶς.
310 3102 485 3198 Sequitur
491 3101 1085 3199 Caputiii.,DeDemoastrotiooe.

90 3218 142 3294 Α.
167 3215 451 3292 Demonstrabo
464 3213 859 3314 ertryllogt‘smua‚pui
872 3213 1086 3310 affectiones

40 3332 224 3431 proprias
244 3329 290 3403 de
307 3327 471 3424 suffecto
481 3352 558 3427 per
566 3328 755 3428 proprias
783 3350 920 3402 consae
940 3326 1086 3402 mon-

43 3439 437 3537 strat-Intelligisne
453 3463 521 3537 per
537 3439 789 3515 definitionem
811 3440 907 3514 hauc
932 3439 1021 3535 quid
1037 3440 1087 3516 sit

43 3553 341 3633 demonstratio?

94 3671 144 3745 B.
172 3667 342 3756 Quidni?

92 3780 140 3858 A.
167 3781 358 3857 Intellexti
371 3804 460 3876 ergo
474 3779 1086 3878 quidsignificatvoxdcmoastrot.

48 3894 155 3971 Unda
170 3908 309 3986 autem,
323 3895 356 3968 si
372 3895 560 3970 nesciebas
577 3894 666 3991 quid
682 3906 779 3970 esset
795 3895 1084 3970 demonstratio?

93 4011 143 4084 B.
171 4011 290 4085 Recte
309 4008 412 4083 dicis.
463 4008 561 4082 Nam
585 4009 745 4084 sciebam
765 4021 864 4098 ante,
888 4033 934 4083 ex
956 4009 1086 4084 defini-

47 4123 145 4197 tione
175 4122 425 4212 Aristotelica‚
447 4145 557 4218 quam
583 4134 622 4197 et
647 4122 725 4221 ipse
747 4123 929 4221 apposuit,
954 4145 1084 4218 nempe

46 4232 164 4311 hanc:
190 4246 328 4314 drodslltc
348 4246 391 4305 tet
412 4245 599 4324 συλλογισμὸς
628 4247 816 4326 ἕπιςημονικός
843 4248 1010 4319 libatur,
1038 4248 1085 4303 καὶ

51 4363 165 4438 rpr'nur,
182 4362 229 4419 καὶ
250 4360 379 4434 ἀμέσων,
397 4359 442 4416 rol
461 4359 673 4437 γνυριμοτέρων,
696 4361 742 4417 καὶ
763 4361 907 4437 προτέρων,
925 4360 970 4416 tul
988 4355 1085 4416 αἰτίων

51 4486 93 4540 mo
104 4482 353 4561 «νμιῳάσματοςὲ
371 4487 482 4561 quam
497 4463 559 4537 ille
575 4463 737 4538 reddidit
752 4465 968 4538 breviorem

95 4579 143 4655 A.
168 4579 229 4654 An
252 4576 504 4653 definitionem
530 4576 687 4652 bominis
705 4576 976 4653 Aristotelicum
1002 4576 1084 4649 bre-

927 4712 991 4768 un
