2640 5092
335 631 619 686 ancarana-ra
638 631 826 686 caunas.
1027 615 1101 696 307

52 794 246 892 signatum
267 798 373 893 cujus
395 809 563 872 centrum
588 809 644 872 est
661 798 707 884 A,
735 821 951 895 semperque
978 821 1101 873 aerem
1162 825 1230 867 car.
1240 826 1260 867 1.

56 911 246 1001 (notatum
278 935 345 1008 per
372 915 404 985 E
434 923 473 986 et
502 912 546 1006 F)
577 911 844 1008 projicientem.
901 912 1100 1008 Supposito
1128 893 1287 1017 ff„

50 1024 131 1120 jam
156 1022 259 1119 quod
287 1023 445 1098 muudus
472 1049 548 1099 non
577 1038 675 1099 esset
700 1025 842 1123 plenus,
872 1036 1099 1120 sequeretur,

54 1147 209 1233 propter
228 1138 323 1211 aeris
351 1137 627 1236 dispersionem,
651 1152 695 1213 ut
724 1139 840 1212 multa
868 1137 950 1211 loca
978 1149 1101 1212 essent

55 1272 186 1324 vacua.
228 1250 302 1324 Sed
319 1250 458 1325 mundo
474 1252 598 1349 pleno,
617 1252 688 1326 hoc
704 1263 848 1327 tautum
866 1253 1041 1348 sequitur,
1059 1265 1101 1326 ut

56 1374 183 1460 partes
200 1363 296 1437 aeris
312 1364 410 1437 iuter
427 1388 466 1438 sc
483 1388 610 1438 omues
629 1364 712 1439 loca
729 1377 885 1438 mutent.

108 1475 158 1550 Α.
187 1475 262 1550 Sed
279 1476 367 1572 quid
384 1488 439 1551 est
456 1477 555 1575 qnod
571 1477 731 1573 lapidem
749 1476 970 1551 descendere
987 1477 1101 1575 cogit,

58 1601 160 1685 puta,
177 1613 201 1663 a
216 1602 357 1686 puncto
374 1588 434 1665 G?

108 1701 159 1777 B.
186 1703 228 1778 Si
244 1728 309 1779 aer
324 1703 540 1802 projiciatur
552 1703 671 1778 omnis
687 1703 786 1778 ultra
799 1704 832 1778 G
844 1704 1102 1802 undequaque,

61 1815 226 1914 sequitur
257 1816 476 1906 necessario,
510 1828 554 1891 ut
591 1815 684 1913 lapis
717 1816 867 1890 tandem
897 1817 1021 1891 veniat
1053 1817 1103 1891 ad

60 1936 216 2003 terram:
243 1931 445 2027 supposito,
461 1929 623 2026 iuquam,
642 1930 780 2003 mundo
797 1929 918 2026 pleno.

104 2038 154 2116 A.
182 2040 309 2118 Quare
333 2051 458 2116 autem
475 2043 518 2117 fit
536 2042 733 2117 descensus
750 2055 938 2117 crescente
956 2065 1101 2139 semper

60 2152 278 2229 uelocitate?
565 2153 571 2164 “

104 2267 157 2342 Β.
185 2268 284 2344 Quia
300 2267 390 2342 dum
415 2265 606 2343 descendit
630 2293 766 2343 novam
792 2268 927 2366 accipit
949 2269 1100 2364 impres-

54 2381 198 2455 sionem
214 2381 262 2454 ab
279 2380 407 2455 eadem
425 2405 536 2455 causa
549 2380 776 2472 continuata,
787 2405 920 2478 nempe
937 2382 985 2455 ab
1002 2404 1100 2471 aere,

53 2495 163 2591 cujus
183 2504 228 2566 ut
244 2517 420 2590 unapars
442 2494 620 2583 ascendit,
640 2493 722 2585 alia,
740 2494 878 2569 mundo
898 2495 1020 2591 pleno,
1037 2494 1101 2567 de-

49 2605 201 2681 scendit
217 2604 377 2703 lapidem
394 2606 598 2703 impellens.

104 2720 156 2794 A.
185 2717 295 2795 Quod
313 2719 345 2793 si
361 2742 446 2815 pars
459 2720 554 2793 aeris
567 2719 792 2794 descendens
810 2719 970 2816 lapidem
986 2719 1101 2818 pellat

50 2832 241 2920 deorsum,
259 2831 389 2905 cadem
408 2832 551 2906 ratione
572 2855 657 2928 pars
679 2833 775 2906 aeris
791 2832 993 2907 ascendens
1010 2857 1100 2906 euu-

51 2944 142 3021 dem
160 2967 306 3018 sursum
321 2943 473 3040 pulsura
489 2956 566 3018 est:
594 2943 717 3040 itaque
739 2946 831 3042 lapis
854 2969 923 3019 uec
949 2945 1100 3019 descen·

52 3057 163 3133 dcret
178 3080 249 3131 nco
265 3056 493 3145 ascenderet,
511 3055 577 3130 sed
594 3070 760 3131 maneret
776 3057 998 3154 ubicunque.

103 3167 153 3243 B.
180 3169 240 3243 Ab
269 3192 424 3244 ascensu
452 3180 491 3243 ct
525 3168 704 3243 descensu
736 3171 897 3266 partium
934 3170 1030 3244 aeris
1060 3194 1099 3244 se

52 3294 187 3357 mutuo
203 3283 449 3379 prementium
466 3306 542 3356 non
565 3284 609 3357 fit
631 3283 748 3379 quies,
766 3282 832 3357 sed
857 3284 1024 3357 excursio
1050 3282 1099 3357 ad

52 3394 185 3485 latera,
216 3395 525 3492 quemadmodum
555 3396 629 3470 duo
659 3420 814 3493 corpora
848 3397 972 3471 mollia
1000 3422 1098 3472 com·

52 3533 182 3605 pressa
199 3509 415 3605 expandunt
437 3533 475 3582 se
490 3508 538 3583 ad
555 3511 886 3606 compressionem:
912 3509 1011 3584 unde
1023 3512 1101 3584 effi·

54 3623 151 3697 citur
167 3636 212 3696 ut
228 3647 294 3721 per
311 3634 451 3697 motum
463 3624 625 3721 partium
639 3625 733 3697 aeris
747 3648 854 3698 verus
870 3637 992 3697 motus
1004 3623 1100 3698 aeris

53 3735 185 3811 tendat
216 3759 339 3810 versus
366 3737 483 3833 polos,
511 3749 549 3810 et
577 3751 775 3834 propterea
801 3738 840 3810 iu
868 3737 968 3810 omui
994 3750 1100 3833 parte

54 3849 243 3924 subsidat:
269 3861 308 3923 et
334 3849 422 3923 dum
450 3873 536 3948 pars
563 3851 731 3946 superior
753 3849 912 3946 lapidem
938 3849 1099 3946 depellit,

54 3963 207 4038 inferior
224 3963 334 4037 cedit.
386 3964 483 4038 Nam
501 3987 546 4037 ex
560 3964 641 4060 ipsa
652 3965 771 4060 figura
785 3963 1019 4036 manifestum
1032 3973 1099 4053 est,

54 4077 155 4174 quod
171 4089 294 4150 motus
311 4076 452 4150 telluris
479 4076 577 4150 iutra
601 4075 779 4150 circulum
803 4077 952 4174 punctis
977 4076 1100 4171 desig-

54 4202 195 4278 natum,
208 4189 344 4287 partim
360 4190 612 4287 progressivus
629 4202 696 4280 est,
709 4213 854 4287 nempe,
870 4214 938 4287 pro
956 4189 1098 4286 magni-

56 4303 185 4378 tudine
208 4302 379 4377 diametri
404 4326 471 4400 per
493 4304 539 4392 Α,
562 4315 601 4376 et
623 4303 758 4399 partim
784 4301 985 4392 circularis,
1010 4303 1099 4398 quia

56 4416 179 4491 omnia
207 4417 288 4513 ejus
316 4428 455 4512 puncta
488 4416 701 4491 describunt
734 4416 900 4489 circellos
930 4415 1029 4489 inter
1057 4437 1097 4488 sc

57 4527 229 4626 aequales.
293 4528 479 4604 Quoniam
502 4542 624 4604 autem
649 4530 686 4603 in
712 4529 813 4603 omni
833 4539 973 4624 puncto
1000 4528 1096 4601 aeris

933 4664 994 4714 xa
