2618 5092
182 688 255 754 262
506 700 562 753 DE
580 698 751 755 NATURA
770 699 906 754 Annis.

183 866 357 954 distenta,
368 888 505 961 negare
518 862 616 954 nolo,
627 875 782 962 propter
792 866 973 963 majorem
982 862 1225 963 quantitatem

184 990 393 1053 atomorum
405 978 565 1068 follibus,
578 978 637 1051 vel
653 978 956 1077 corpusculorum
967 976 1226 1075 fuligineomm

184 1094 231 1166 ab
265 1093 395 1182 halitu,
430 1093 654 1166 inflatorum.
709 1092 769 1166 Ab
805 1092 1063 1191 experimento
1097 1100 1226 1179 autem,

185 1206 286 1303 qnod
309 1208 354 1279 fit
378 1208 539 1280 avcsiou
559 1205 699 1295 inflata,
724 1205 818 1280 nihil
845 1204 1031 1304 colligunt
1055 1202 1159 1302 quod
1182 1203 1227 1277 sit

185 1319 274 1392 satis
291 1330 445 1393 certum.
477 1319 653 1416 Oportuit
667 1318 836 1393 lancibm
851 1319 1047 1417 imponere
1059 1317 1136 1391 duo
1147 1338 1227 1390 vasa

184 1431 349 1530 pondere
372 1432 539 1529 aequalia,
567 1455 725 1528 quorum
746 1432 906 1507 alterum
930 1442 1034 1505 esset
1061 1440 1227 1505 accurate

185 1546 363 1635 clausum,
381 1545 538 1618 alterum
555 1555 736 1640 apertum.
780 1544 842 1618 Sic
858 1543 959 1618 enim
975 1564 1056 1617 non
1071 1541 1225 1629 inflatus,

186 1657 251 1731 sed
268 1660 430 1732 inclusus
447 1668 606 1747 tantum,
621 1680 684 1731 aer
696 1656 921 1754 ponderatus
934 1669 1048 1730 esset.
1075 1651 1226 1731 Quando

186 1771 300 1868 igitur
317 1795 439 1845 aerem
461 1772 515 1845 sic
537 1769 782 1867 ponderatum
798 1769 953 1859 videbis,
970 1766 1227 1843 meditabimur

186 1896 317 1983 postea
343 1884 432 1982 quid
459 1883 657 1958 dicendum
689 1884 738 1957 sit
770 1882 817 1957 de
849 1884 1100 1980 phaenomeno
1137 1876 1226 1976 quod

186 1998 366 2073 retuleris.
409 1996 521 2073 Quod
538 1997 672 2071 attinet
688 1995 737 2070 ad
753 2020 902 2070 oausam
918 1995 1128 2093 gravitatie
1144 1992 1226 2067 milri

187 2112 336 2209 quidem
354 2111 445 2184 nihil
458 2110 608 2185 videtur
618 2109 864 2200 verisimilius,
875 2133 989 2206 quam
1007 2108 1112 2206 quod
1126 2128 1226 2181 causa

187 2225 251 2299 illa
270 2250 354 2323 quae
376 2225 501 2321 potuit
517 2250 540 2298 a
555 2224 738 2322 principio
754 2223 989 2319 homogenea
1015 2220 1226 2318 compellere

188 2349 226 2411 et
242 2340 490 2433 heterogenee
506 2336 694 2433 dissipare,
709 2335 838 2410 eadem
854 2360 954 2409 nunc
967 2349 1093 2433 potest
1108 2336 1226 2408 homo

188 2475 316 2546 genea,
336 2451 510 2546 dissipata
526 2474 593 2546 per
610 2450 833 2538 violentiam,
847 2449 982 2522 iterum
997 2467 1225 2545 congregare,

189 2575 227 2636 et
269 2564 517 2657 heterogenea
550 2563 588 2635 vi
629 2563 818 2658 compulsa
850 2562 1032 2658 disjicere.
1110 2560 1226 2633 Motus

189 2689 325 2764 autem,
344 2676 407 2771 qui
424 2675 462 2747 id
478 2687 612 2771 potest,
630 2676 724 2748 alius
749 2699 921 2748 essenon
945 2687 1073 2771 potest
1102 2685 1226 2770 praeter

189 2801 329 2861 motum
349 2789 451 2860 illum
469 2789 684 2862 circularem
702 2789 916 2885 simplicem,
936 2813 1047 2885 quem
1072 2784 1227 2861 definivit

191 2902 373 2989 Hobbius‚
391 2902 485 2974 libro
509 2924 562 2975 nn
590 2925 796 2991 conpone,
821 2927 901 2998 cap.
924 2928 984 2990 xv,
1002 2901 1227 2998 appellatque

191 3015 326 3089 alicubi
328 3015 674 3113 fermentationem,
689 3028 727 3089 et
742 3015 787 3088 de
805 3039 848 3088 eo
862 3016 1130 3111 proprietatem
1143 3014 1228 3086 banc

192 3128 433 3214 demonstrat,
452 3129 552 3226 quod
570 3143 773 3225 congregat
788 3129 1020 3223 homogenea
1037 3141 1077 3199 et
1092 3128 1229 3199 heterc

191 3266 309 3338 genea
326 3243 491 3338 dissipat.
530 3243 656 3315 Motus
673 3254 796 3315 autem
813 3242 922 3337 hujus
940 3239 1090 3313 initium
1107 3239 1146 3311 in
1163 3236 1229 3311 sole

192 3378 270 3428 esse
288 3356 473 3450 supponit.
758 3411 768 3427 .

245 3468 293 3540 B.
321 3469 446 3541 Placet
462 3466 553 3539 mihi
570 3480 635 3540 tua
652 3467 770 3562 magis
787 3465 1013 3562 hypothesin
1038 3487 1151 3559 quam
1177 3461 1232 3534 illa

194 3582 239 3654 de
256 3582 292 3652 vi
315 3582 409 3653 aeris
436 3581 596 3653 elastica.
648 3580 746 3652 Nam
777 3579 883 3652 video
910 3577 1009 3674 quod
1038 3602 1062 3649 a
1085 3577 1231 3649 veritate

193 3694 302 3782 illius,
320 3695 455 3766 veritas
480 3693 684 3789 dependeat
701 3693 759 3766 vel
782 3693 887 3765 vacui
905 3692 963 3763 vel
986 3690 1110 3786 pleni;
1138 3688 1234 3762 seda

194 3807 350 3880 veritate
372 3807 493 3901 hujuS,
518 3806 609 3879 nihil
637 3806 803 3900 sequitur
830 3806 868 3876 in
898 3815 1070 3876 neutram
1098 3816 1233 3898 partem

194 3919 417 4019 quaestionis.
486 3921 604 4007 Aeria,
637 3920 769 4015 inquit,
805 3930 993 3991 structura
1023 3916 1153 3989 similis
1185 3922 1236 3985 est

195 4058 413 4130 compressae
441 4034 547 4106 lanae.
612 4034 713 4105 Bene
743 4045 811 4104 est.
873 4031 977 4102 Lana
1008 4030 1051 4102 fit
1079 4053 1123 4102 ex
1158 4026 1233 4099 filis.

196 4150 324 4222 Recte.
393 4147 467 4220 Sed
497 4149 601 4242 cujus
634 4145 789 4243 figurae?
858 4144 898 4216 Si
927 4138 1235 4239 parallelopipedi,

195 4263 298 4335 nulla
329 4273 454 4357 potest
488 4285 567 4333 esse
610 4259 832 4356 compressio
867 4256 1057 4352 partium:
1101 4256 1132 4327 si
1165 4275 1235 4326 non

195 4374 507 4471 parallelepipedi‚
531 4385 640 4446 erunt
659 4375 756 4445 inter
773 4372 835 4444 fila
852 4371 914 4442 illa
933 4369 1054 4466 spatia
1072 4367 1235 4465 quaedam

196 4490 348 4572 relicta;
377 4513 459 4584 quae
478 4489 507 4559 si
525 4511 640 4560 vacua
661 4496 759 4574 sunt,
777 4495 989 4581 supponunt
1007 4504 1176 4568 vacuum,
1192 4476 1235 4550 ad

194 4600 428 4696 probandum
453 4601 552 4697 quod
576 4624 733 4674 vacuum
760 4612 817 4673 est
841 4596 1037 4695 possibile;
1063 4596 1094 4669 si
1120 4595 1233 4692 plena,
