2640 5092
294 668 348 721 nn
367 666 671 722 unumunurm:
693 665 878 720 crnouur
1031 646 1104 726 367

55 833 148 908 dine
179 856 288 908 arcus
321 834 420 909 idem
453 834 605 932 ponitur
637 833 715 923 BD,
748 855 857 906 arcus
890 839 1016 904 autem
1046 828 1106 903 ST
1145 852 1231 895 reor
1245 849 1288 891 rt

55 946 212 1045 aequalis
227 959 286 1021 est
302 959 416 1023 recte
432 949 515 1022 DC.
567 948 635 1022 Est
651 970 741 1044 ergo
754 946 868 1020 etiam
879 943 941 1018 DS
955 917 1291 1039 aequalis*

55 1060 204 1135 duabus
220 1060 359 1157 quintis
375 1085 482 1136 arcus
501 1061 579 1135 BD

111 1172 256 1247 Coroll.
293 1174 461 1248 Semissis
497 1197 586 1270 ergo
623 1183 736 1247 rectae
765 1173 832 1246 DS
865 1169 1018 1266 aequalis
1048 1181 1107 1243 est

56 1286 201 1383 quinta
227 1286 326 1382 parti
349 1311 456 1361 arcus
474 1286 552 1360 BD.
605 1284 730 1361 Quare
747 1286 779 1358 si
794 1284 954 1358 semissis
969 1282 1030 1355 DS
1051 1281 1107 1375 (id

56 1412 127 1487 est,
139 1399 208 1489 uu)
224 1398 527 1497 quintuplicetur,
541 1411 621 1473 tota
638 1398 787 1495 aequalis
799 1398 871 1472 erit
888 1407 1000 1470 rectae
1014 1396 1106 1469 BM:

57 1523 97 1586 et
122 1511 281 1609 proinde
305 1534 412 1586 mous
435 1512 518 1585 Mm
544 1512 696 1608 aequalis
719 1523 776 1585 est
804 1509 1008 1608 quintuplae
1031 1509 1106 1583 BE.

58 1623 156 1699 cum
183 1624 283 1699 enim
312 1648 420 1699 arcus
446 1625 505 1698 ST
534 1625 684 1723 aequalis
716 1625 765 1697 sit
794 1635 907 1698 rectae
931 1624 1010 1711 AB,
1036 1623 1108 1696 erit

57 1761 170 1812 acus
199 1736 416 1833 quadrantis
446 1737 623 1835 descripti
647 1763 670 1811 a
690 1737 843 1811 dimidia
870 1738 932 1811 DS
956 1735 1108 1832 oequalis

58 1863 174 1925 rectae
193 1850 271 1940 BE,
289 1863 328 1924 et
350 1874 458 1924 arcus
484 1848 691 1947 descriptus
707 1874 731 1924 a
748 1848 901 1924 dimidia
916 1849 980 1925 DS
1000 1848 1107 1946 quin-

58 1965 241 2063 tuplicata
256 1962 407 2060 aequalis
424 1963 628 2061 quintuplae
646 1962 720 2038 BE.

409 2186 659 2239 PROPOSITIO
679 2187 756 2239 vll.

109 2299 280 2374 Semissis
301 2323 409 2375 arcus
426 2300 493 2376 BD
519 2302 667 2398 (nempe
686 2301 778 2393 BP),
801 2311 905 2372 recta
922 2297 989 2373 ol>
1008 2297 1106 2394 (quae

60 2413 185 2488 modia
205 2426 264 2487 est
288 2413 576 2511 proportionalis
601 2415 698 2487 inter
715 2413 781 2486 AB
800 2427 838 2486 et
855 2411 954 2502 AG),
982 2422 1021 2484 et
1039 2411 1107 2485 RO

58 2528 135 2601 sive
155 2525 230 2614 DS,
247 2538 335 2600 sunt
360 2528 535 2603 continue
561 2526 865 2625 proportionales.
919 2523 1106 2599 Quoniam

60 2640 127 2715 AB
151 2639 354 2714 mediaest
384 2641 669 2738 proportionalis
696 2641 795 2714 inter
824 2663 952 2714 arcum
978 2639 1044 2712 BD
1068 2648 1108 2712 et

58 2765 202 2826 rectam
220 2754 282 2827 DS
299 2754 357 2827 vel
371 2753 451 2843 RO,
465 2752 668 2850 eademque
685 2753 808 2827 medin
823 2752 1108 2849 proportionalis

58 2865 158 2940 inter
176 2866 241 2940 Ac
259 2864 503 2963 diagonalem,
521 2879 560 2940 et
577 2866 741 2961 ejusdem
758 2866 957 2954 semissem,
974 2886 1106 2959 nempe

56 2977 126 3067 nl,
139 2977 213 3051 erit
223 2989 264 3052 ut
277 3002 385 3053 arcus
396 2978 461 3054 BD
472 2979 520 3053 ad
533 2978 909 3076 diagonalemAC,ita
919 2979 1107 3074 reciproce

58 3090 112 3163 ΑΙ
125 3088 177 3164 ad
186 3088 248 3163 DS
262 3090 320 3163 vel
332 3091 422 3176 RO;
441 3104 480 3165 et
491 3115 559 3188 per
571 3115 810 3188 consequens,
820 3105 864 3164 ut
876 3091 937 3164 BP
948 3091 1108 3165 semissis

56 3202 175 3300 ipsius
186 3225 294 3276 arcus
305 3202 372 3277 BD
383 3202 431 3277 ad
442 3204 508 3291 ΑΙ,
521 3204 632 3278 iteAI
647 3204 806 3278 semissis
814 3203 879 3277 Ac
890 3203 939 3277 ad
952 3203 1107 3277 eandem

57 3316 122 3391 DS
139 3315 200 3390 vel
215 3315 295 3390 RO.
348 3317 443 3390 Sunt
468 3340 558 3412 ergo
579 3341 687 3391 arcus
712 3316 786 3406 BP,
803 3328 908 3390 recta
926 3314 992 3390 ΟΡ
1012 3316 1106 3408 (sive

57 3429 145 3519 ΑΙ),
162 3443 204 3502 et
215 3429 277 3504 DS
287 3429 362 3503 sive
377 3429 457 3518 RO,
472 3431 646 3503 continue
664 3428 969 3526 proportionales.
1011 3429 1107 3504 Sunt

57 3556 185 3616 autem
213 3555 288 3615 tres
317 3565 425 3616 arcus
444 3543 516 3633 BP,
534 3543 607 3629 cO,
625 3543 729 3640 etfh
754 3543 928 3617 continue
952 3566 1108 3640 propor-

56 3655 230 3730 tionales.
280 3655 377 3730 Nam
396 3656 460 3754 Bf
481 3669 538 3731 est
564 3659 695 3754 quinta
721 3680 808 3754 pars
828 3657 953 3730 lateris
970 3656 1049 3746 AB,
1066 3670 1106 3731 et

59 3769 127 3867 df
136 3780 297 3868 quatuor
308 3770 448 3866 quintae
465 3770 628 3866 ejusdem
641 3771 707 3844 AB
722 3801 732 3854 ;
759 3781 797 3843 et
812 3769 967 3864 proinde
970 3770 1035 3868 fh
1048 3785 1107 3844 est

57 3883 144 3957 dure
160 3882 300 3980 quiutae
324 3907 432 3957 arcus
450 3883 529 3974 BD,
546 3909 656 3981 quam
682 3882 861 3979 aequalem
891 3906 969 3958 esse
993 3897 1106 3957 rcctae

59 3995 130 4071 lto
146 4007 335 4070 ostensum
351 4009 408 4070 est
425 3997 463 4069 in
481 3997 675 4070 corollario
702 3996 946 4092 praecedentis
971 4019 1107 4093 propo-

57 4110 212 4185 sitionis
265 4109 359 4183 Cum
387 4133 477 4206 ergo
506 4134 615 4183 arcus
636 4110 694 4183 eO
719 4110 861 4183 medius
882 4110 931 4184 sit
953 4132 1107 4206 propor-

58 4223 207 4300 tionalis
235 4224 332 4297 iuter
362 4247 490 4297 arcum
514 4223 576 4298 BP
596 4238 634 4296 et
656 4247 785 4297 arcum
798 4223 872 4321 fh,
903 4223 974 4297 erit
1000 4244 1107 4295 arcus

56 4340 117 4414 cO
129 4336 276 4413 medius
287 4336 571 4434 proportionalis
587 4337 684 4410 inter
697 4359 823 4409 arcum
838 4336 899 4409 BP
909 4346 947 4408 et
965 4347 1106 4407 rectam

59 4452 149 4536 u0;
166 4462 206 4525 et
222 4449 379 4547 proinde
395 4449 544 4546 aequalis
562 4461 673 4523 rectae
686 4448 772 4534 QP3
791 4460 878 4522 sunt
892 4471 980 4543 ergo
997 4469 1106 4519 arcus

59 4565 130 4651 BP,
144 4574 252 4640 recte
268 4562 345 4653 ΟΡ,
358 4573 398 4636 et
415 4572 518 4636 recta
532 4563 598 4636 RO
611 4563 787 4637 continue
801 4560 1103 4659 proportionales.
