2618 5092
274 681 600 736 sternumentum
622 681 867 734 nonrnnnm.
1058 666 1101 732 31

47 861 136 934 πῶς
158 857 204 921 nt
213 846 335 922 etiam
345 871 487 938 omnes,
498 847 562 945 qui
572 847 848 922 multitudinem
859 872 969 946 qnam
979 847 1108 921 vident
1145 869 1297 915 nrsnoom

50 983 248 1037 numerare
266 972 439 1057 possunt,
456 972 555 1050 sunt,
572 973 616 1035 ut
631 961 705 1051 ille,
724 962 961 1036 arithmetici.
1148 953 1294 1060 ,ζμ

98 1073 148 1148 Β.
176 1071 256 1147 Sed
280 1095 351 1170 per
378 1072 737 1147 mensurabilitatem
764 1084 803 1147 et
827 1072 1110 1147 numerabilite-

56 1197 139 1274 tem,
150 1185 365 1282 intelligere
379 1207 418 1257 se
431 1185 534 1276 dicit,
548 1185 722 1282 quioquid
731 1186 787 1260 ad
797 1210 922 1260 eornm
935 1183 1112 1285 singalas

57 1299 275 1396 ‹pfectionee
292 1308 331 1372 et
344 1296 580 1371 habitudines
605 1299 891 1398 investigandae
912 1308 950 1373 et
973 1297 1113 1374 inteili-

56 1412 204 1512 genam
222 1410 371 1485 attinet.

111 1525 160 1599 A.
187 1524 321 1620 Itaque
336 1546 406 1620 per
422 1547 640 1597 mensurare
664 1535 702 1598 et
718 1548 915 1598 numerare
936 1524 1113 1620 intelligit

62 1639 337 1713 demmntrare.
389 1635 517 1710 Voluit
539 1650 642 1711 certe
658 1637 757 1711 idem
775 1637 877 1735 quod
894 1637 1007 1712 estin
1024 1636 1115 1710 defi-

62 1751 203 1826 nitione
233 1773 328 1841 mea,
361 1748 537 1846 quicquid
561 1749 848 1848 magnitudinem
879 1750 1114 1839 determinat,

61 1861 264 1961 nitefacit
290 1861 494 1960 cognitam.
547 1861 621 1935 Sed
642 1862 839 1958 quiaillud
856 1886 931 1935 non
948 1861 1116 1935 intellex-

63 1989 156 2067 erat,
166 1974 292 2071 eloqui
304 1997 383 2047 non
393 1973 691 2069 potuit-Quod
700 1974 792 2048 ittae
803 1984 926 2048 autem
936 1975 1116 2049 scientiae

65 2089 241 2179 dixerim,
258 2111 333 2161 non
350 2095 410 2159 eat
432 2110 501 2159 cnr
518 2087 708 2184 qnisquam
725 2088 895 2177 miretur,
913 2091 978 2163 &a
1031 2087 1117 2159 Ha-

66 2201 148 2274 bent
160 2201 258 2274 enim
270 2198 455 2295 subjecta,
466 2200 677 2299 principia,
695 2210 733 2274 et
746 2201 971 2297 tffectionea,
985 2224 1119 2296 eaeque

66 2315 112 2389 de
126 2312 320 2410 ertbjeatie,
333 2311 708 2387 demonstrationibus
724 2313 884 2387 manime
899 2311 1118 2408 scientifici-t

68 2425 503 2502 (immantatum-Vera
538 2426 699 2522 quidem,
735 2427 923 2500 nesciente
953 2425 1028 2514 illo,
1063 2436 1119 2498 est

68 2538 354 2637 consequentia;
381 2548 420 2610 at
433 2538 464 2611 si
477 2562 547 2611 vox
555 2539 755 2637 principia
771 2539 809 2612 id
823 2540 1007 2636 significat
1019 2536 1120 2635 quod

67 2654 146 2727 vult
171 2654 264 2749 ipse,
295 2674 384 2724 vera
413 2674 488 2724 non
514 2663 581 2724 est.
635 2653 761 2727 Habet
786 2665 887 2728 certe
916 2652 1121 2749 geometria

68 2767 249 2865 principia
273 2788 354 2853 sua,
375 2787 508 2862 nempe
525 2767 667 2861 puncti,
685 2766 805 2856 lineae,
822 2766 1041 2866 superficiei,
1060 2789 1118 2839 so-

69 2881 144 2970 lidi,
170 2878 312 2976 anguli,
337 2879 468 2973 figurae
491 2889 577 2967 etc„
601 2878 859 2966 definitiones;
886 2892 924 2955 et
940 2892 1121 2977 praetcrea

70 2994 255 3067 axiomata
278 3014 347 3088 per
372 3014 411 3063 se
439 2991 645 3080 manifesta,
669 3004 707 3065 et
724 2992 923 3089 petitiones
942 2990 1120 3088 quasdam

72 3131 142 3180 non
159 3106 319 3202 iniquas.
367 3104 460 3178 Haec
477 3116 564 3177 sunt
580 3105 765 3201 principia
780 3105 1008 3202 geometria.
1054 3102 1122 3175 Per

71 3218 149 3293 haec
192 3217 497 3291 demonstrantur
538 3217 695 3312 subjecti
729 3217 859 3314 quanti
896 3215 1121 3291 affectiones.

73 3332 137 3406 llle
170 3343 300 3404 autem
334 3328 414 3402 haec
446 3351 522 3401 non
556 3328 744 3426 intelligit,
783 3353 903 3425 neque
940 3328 1124 3426 principia

73 3444 161 3542 ipsa,
179 3456 247 3516 aut
265 3439 450 3538 quomodo
464 3440 676 3515 conducant
692 3441 740 3515 ad
755 3440 1121 3515 demonstrationem.

74 3556 170 3631 Audi
187 3554 280 3652 quid
298 3553 390 3627 dicit
413 3553 459 3626 de
476 3553 933 3653 principiis-Principia
950 3555 1050 3653 qnod
1064 3565 1124 3628 at-

76 3671 175 3759 tinet,
185 3676 369 3767 punctum
381 3666 521 3762 paridem
533 3675 590 3739 eat
597 3666 830 3766 principium
843 3668 1124 3766 magnitudinis,

76 3785 198 3857 unitae
223 3789 347 3854 antem
376 3779 529 3867 numeri,
551 3788 593 3853 nt
615 3780 727 3878 vulgo
739 3779 972 3878 perhibetur.
1025 3781 1126 3855 Nam

77 3923 121 3971 en
133 3897 253 3992 flnnrt
270 3892 405 3992 puncti
421 3891 535 3984 linea,
563 3919 611 3966 ea
625 3894 740 3988 flnnn
767 3892 874 3967 linere
893 3895 1126 3993 anperfieiee,

77 4007 292 4109 superficiei
320 4031 408 4080 aero
437 4005 696 4104 coaptamini
726 4006 903 4080 traditur.
957 4009 1053 4081 Item
1079 4032 1127 4080 ea

78 4120 282 4195 unitatibus
295 4120 566 4212 nurneroafieri
578 4118 676 4191 entia
690 4118 1000 4216 liquet—Viden
1016 4144 1127 4217 quam

78 4235 205 4331 paucis
218 4233 343 4307 verbis
354 4243 529 4325 quantam
543 4256 647 4306 suam
660 4232 838 4307 indicavit
851 4235 1099 4331 ignorantiam
1114 4234 1127 4306 i

80 4347 318 4423 Probandum
339 4357 551 4441 susceperat
573 4347 813 4440 geometriam
832 4347 1127 4420 arithmeticam*

80 4485 161 4536 vere
189 4458 387 4536 scientium
415 4481 504 4531 esse.
556 4457 725 4531 Medium
752 4461 935 4555 probandi
962 4460 1128 4549 assumit,

113 4661 129 4694 '
152 4660 202 4722 Sic
216 4659 301 4719 Edit.
316 4658 401 4716 1668.
445 4654 549 4728 Quare
565 4658 781 4732 “geometriam
795 4667 823 4715 et
835 4657 1097 4717 arithmeticum”?
