2618 5092
392 634 446 687 nn
464 634 633 687 narone
655 634 792 688 naurs.
1043 618 1116 698 273

59 795 183 871 locum
200 799 244 873 in
261 798 406 874 mundo
422 801 531 898 pleno
547 803 689 876 nullum
702 804 841 876 habens
860 827 933 898 quo
959 827 997 876 se
1024 805 1113 878 reci·

58 911 151 1007 piat,
169 923 364 987 auctorem
381 938 506 988 rursus
517 915 575 989 ad
593 916 750 1012 cylindri
773 917 1022 990 summitatem
1049 917 1114 990 im·

59 1024 188 1120 pellet,
206 1039 364 1123 propter
381 1028 533 1101 eandem
545 1052 692 1102 causam
703 1054 786 1126 quae
799 1030 922 1104 effecit
935 1042 977 1103 ut
991 1042 1116 1103 suctor

59 1138 176 1233 paulo
195 1152 285 1214 ante
300 1141 487 1236 impulerit
500 1165 634 1215 aerem.

115 1251 168 1325 B.
194 1253 405 1328 Verisimile
438 1267 506 1328 est.
576 1256 722 1329 Caetera
751 1256 1005 1352 experimenta
1039 1280 1116 1329 ma-

63 1364 200 1454 chinae,
219 1367 283 1462 qui
300 1366 473 1441 videntur
489 1368 537 1441 ad
550 1367 695 1442 easdem
710 1368 931 1463 hypotheses
946 1379 1029 1441 tuas
1041 1392 1115 1441 nou

64 1476 266 1552 difficulter
281 1478 408 1553 reduci
424 1505 541 1576 posse,
559 1481 768 1577 praeteribo.

116 1593 167 1667 A.
194 1596 335 1668 Fateris
351 1618 440 1692 ergo
457 1596 548 1669 nihil
561 1597 740 1668 hactenus
752 1619 776 1668 a
786 1593 1019 1691 collegistuis
1029 1620 1114 1691 pro·

67 1719 210 1780 motam
237 1731 318 1782 esse
348 1708 537 1782 scientiam
564 1733 758 1782 causarum
787 1709 1023 1797 naturalium,
1043 1710 1114 1781 nisi

69 1821 171 1914 quod
187 1845 281 1895 unus
299 1845 427 1894 eorum
449 1822 657 1895 machinam
681 1821 966 1915 inveneritque
992 1835 1114 1895 motus

69 1934 225 2007 excitari
242 1933 336 2008 aeris
352 1935 467 2031 possit
494 1935 590 2024 talis,
608 1947 651 2007 ut
678 1947 803 2031 partes
827 1934 981 2029 sphaerae
1006 1935 1114 2007 simul

68 2045 308 2143 undiquaque
324 2045 478 2121 tendant
495 2046 543 2120 ad
561 2058 742 2134 centrum,
760 2057 798 2118 et
820 2056 861 2118 ut
888 2047 1113 2142 hypotheses

71 2158 289 2250 Hobbianae,
314 2170 401 2232 ante
413 2158 562 2256 quidem
580 2158 668 2232 satis
684 2157 905 2254 probabiles,
922 2158 1011 2231 hinc
1028 2157 1113 2230 red-

70 2271 206 2346 dantur
221 2271 499 2368 probabiliores

118 2384 168 2459 B.
195 2385 275 2459 Nec
299 2384 406 2458 fateri
429 2384 568 2482 pudet;
595 2408 682 2457 nam
712 2395 767 2456 est
797 2382 936 2479 aliquid
964 2383 1112 2479 prodire

70 2509 188 2589 tenus,
206 2498 238 2571 si
255 2522 332 2573 non
349 2497 458 2571 datur
473 2498 582 2572 ultra.

117 2608 165 2684 A.
193 2611 296 2688 Quid
309 2616 450 2685 tenuo?
501 2612 687 2686 Quorsum
699 2621 826 2684 autem
850 2621 976 2683 tantus
1000 2633 1113 2706 appa-

70 2733 171 2797 ratus
188 2736 228 2797 et
244 2736 412 2819 sumptus
430 2722 682 2796 machinarum
704 2722 806 2795 factu
832 2721 1045 2803 difficilium,
1071 2734 1113 2795 ut

71 2847 221 2911 eatenus
239 2847 384 2911 tantum
400 2835 596 2932 prodiretis
614 2848 793 2931 quantum
814 2846 900 2907 ante
924 2832 1113 2930 prodierat

71 2948 269 3024 Hobbius?
322 2949 397 3023 Cur
413 2972 490 3023 non
507 2948 594 3021 inde
610 2949 732 3044 potius
750 2947 951 3043 incepistiS,
968 2947 1033 3020 ubi
1049 2946 1111 3019 ille

71 3062 201 3137 desiit?
253 3062 329 3137 Cur
343 3061 532 3159 principiis
549 3062 595 3134 ab
613 3085 657 3135 eo
673 3061 804 3158 positis
817 3083 893 3133 non
914 3059 1003 3131 estis
1027 3059 1111 3131 usi?

71 3176 235 3274 Cumque
253 3174 469 3250 Aristoteles
488 3186 590 3249 recte
621 3173 783 3262 dixisset,
810 3173 985 3271 ignorato
1014 3181 1113 3243 motu

69 3287 242 3388 ignorari
258 3298 443 3377 naturam,
466 3286 651 3385 quomodo
667 3298 811 3361 tantum
838 3286 878 3359 in
902 3308 968 3357 vos
997 3285 1112 3358 susci-

69 3425 154 3499 pere
171 3424 267 3475 0nus
284 3401 363 3475 ausi
385 3400 484 3490 estis,
499 3413 539 3475 et
565 3401 705 3499 erigere
732 3399 921 3473 hominum
948 3396 1112 3471 doctissi-

69 3538 225 3605 morum,
235 3538 312 3589 non
328 3514 439 3588 modo
450 3516 668 3588 nostratium
685 3513 873 3588 sedetiam
891 3523 1112 3601 exterorum,

70 3628 365 3728 expectationem
376 3628 637 3724 promovendae
648 3628 821 3725 physicae,
833 3625 896 3722 qui
908 3624 1113 3698 doctrinam

70 3741 113 3818 de
139 3755 248 3816 motu
271 3741 512 3815 universalem
537 3753 574 3816 et
597 3743 781 3815 abstracte
802 3739 917 3837 (quod
943 3738 1052 3812 facile
1076 3751 1114 3811 et

68 3855 370 3930 mathematicum
386 3857 483 3951 erat)
499 3854 663 3929 nondum
681 3852 883 3928 statuistis?
915 3851 974 3926 Ad
985 3875 1113 3925 causas

69 3980 191 4044 antem
207 3979 363 4066 propter
379 3993 469 4065 quas
487 3970 665 4066 proficere
679 3992 725 4041 ne
742 3967 931 4064 paululum
964 3964 1113 4061 quidem

69 4083 252 4178 potuistis,
283 4105 352 4156 nec
379 4082 560 4178 poteritis,
588 4081 770 4156 accedunt
800 4080 911 4154 ctiam
938 4078 1044 4151 aliae:
1072 4088 1115 4147 nt

71 4195 194 4270 odium
222 4195 374 4284 Hobbii,
402 4196 488 4291 quia
516 4195 668 4268 nimium
698 4194 812 4267 libere
846 4192 1041 4287 scripserat
1068 4186 1114 4260 de

70 4308 278 4384 Academiis
305 4308 520 4382 veritatem:
555 4306 655 4400 (nam
681 4330 728 4379 ex
757 4330 801 4378 eo
830 4317 995 4399 tempore
1030 4300 1115 4371 irati

70 4421 209 4520 physici
237 4431 277 4494 et
303 4420 553 4494 mathematici
570 4419 763 4493 veritatem
781 4417 826 4489 ab
846 4439 889 4488 eo
906 4413 1113 4486 venientem

72 4557 144 4611 non
166 4543 382 4631 recepturos
409 4559 448 4610 se
475 4533 595 4631 palam
622 4530 777 4630 professi
804 4540 912 4602 sunt:
940 4531 962 4564 “
978 4524 1116 4597 doctri-

170 4670 269 4726 von.
284 4671 341 4722 iv.
989 4661 1014 4711 Τ
