2618 5092
292 122 611 175 Maruuuarrcu
633 124 873 176 montanum.
1031 115 1097 176 193

58 283 107 358 QF
122 286 203 359 erit
221 288 274 361 ad
290 290 368 379 RF,
380 300 421 362 ut
434 289 608 362 velocitas
625 314 697 385 qua
715 289 936 363 describitur
961 289 1026 363 ΟΡ
1051 290 1097 363 ad
1130 319 1279 359 nutoons

59 397 289 475 velocitatem
308 426 383 499 qna
400 401 621 475 describitur
638 402 726 485 RF;
752 403 859 475 etsie
886 401 932 474 de
955 403 1098 474 caeteris
1137 400 1279 503 ss

62 512 219 587 omnibns
239 516 357 588 rectis
373 525 486 589 rectae
503 514 570 588 DB
580 516 773 611 parallelis.
802 515 854 589 Ut
871 538 959 611 ergo
972 526 1096 604 rectae,

64 648 131 721 qua
154 640 249 702 sunt
275 628 461 725 parallelae
486 629 593 703 lateri
610 629 694 712 AB,
721 629 1035 723 terminanturque
1058 629 1097 702 in

64 737 148 813 linea
164 741 325 830 BEFC,
344 754 432 815 sunt
448 767 627 816 mensurae
651 756 878 839 temporum
903 742 957 814 ita
973 754 1096 832 rectae,

67 875 135 949 quae
164 867 255 930 sunt
286 856 474 953 parallelae
503 856 610 930 lateri
636 857 721 946 BD,
748 856 1025 952 terminataque
1058 855 1096 930 in

68 966 182 1041 eedem
207 969 311 1043 linea
343 970 496 1060 BEFC,
523 982 610 1044 aunt
637 992 818 1043 mensurae
847 968 1095 1042 velocitatem.

69 1075 152 1154 Nam
167 1106 387 1158 concessum
400 1095 466 1174 est,
484 1084 522 1157 in
541 1108 613 1180 qua
630 1083 774 1158 ratione
801 1094 982 1179 augentur
998 1082 1097 1155 velo-

69 1189 195 1285 eiures,
207 1195 248 1268 in
266 1195 397 1269 eadem
413 1196 540 1294 augeri
557 1207 676 1271 rectas
692 1196 820 1270 eodem
834 1207 999 1292 tempore
1016 1220 1095 1292 per-

70 1326 190 1396 tusas,
207 1307 332 1398 idest,
349 1322 470 1383 rectas
488 1309 570 1399 ΟΡ,
584 1310 666 1400 ΟΕ,
679 1310 761 1400 BD,
776 1322 845 1382 etc.

108 1417 153 1493 B.
178 1420 320 1494 Verum
338 1434 406 1496 est.

110 1532 155 1607 A.
179 1535 266 1608 Jam
278 1534 387 1609 lineae
406 1535 479 1609 illae
492 1559 620 1609 omnes
632 1537 714 1620 OF,
728 1533 996 1624 OE,DB,etc.‚
1008 1559 1095 1608 con-

70 1644 214 1720 stituunt
230 1647 385 1744 planum
402 1648 593 1738 DBEFC,
608 1661 646 1721 et
662 1649 770 1721 lineae
787 1670 914 1720 omnes
928 1647 1007 1735 HF,
1020 1649 1094 1738 GE,

70 1756 136 1849 AB,
151 1769 237 1850 etc„
248 1760 480 1833 constituunt
492 1760 643 1857 planum
656 1760 813 1834 ACFEB
829 1788 838 1830 :
857 1783 1011 1855 quarum
1023 1761 1094 1833 illae

69 1883 142 1945 sunt
152 1884 398 1971 aggregatum
411 1874 660 1964 velocitatum,
674 1875 733 1948 hae
750 1885 990 1971 aggregatum
1002 1887 1094 1946 tem-

69 2006 197 2078 porum.
280 1987 333 2061 Ut
360 1987 474 2085 igitur
499 2000 743 2085 aggregatum
775 1986 1013 2061 velocitatem
1047 1987 1095 2060 ad

69 2112 298 2197 aggregatum
314 2115 533 2197 temporum,
552 2103 604 2175 ita
616 2101 923 2198 complementum
936 2101 1094 2174 DBEFC

68 2211 107 2285 td
119 2214 276 2311 figuram
289 2213 480 2288 ABEFC.
533 2215 720 2311 Siquidem
738 2240 826 2312 ergo
843 2216 1004 2288 rationes
1018 2214 1089 2286 DB

67 2323 106 2397 td
119 2326 186 2400 OE
204 2340 244 2400 et
260 2326 332 2400 OE
350 2327 397 2400 ad
415 2326 639 2401 defuerint
665 2327 801 2423 ubique
818 2329 1003 2400 rationum
1021 2326 1091 2397 AB

66 2435 107 2510 ad
120 2438 186 2513 GE
209 2450 249 2512 et
272 2437 341 2513 GE
366 2439 415 2513 ad
432 2439 506 2512 HF
534 2441 706 2536 (exempli
733 2442 857 2530 causa)
887 2440 1091 2535 triplicatae,

68 2552 255 2626 eruntvice
272 2574 379 2625 versa
394 2552 555 2627 rationes
572 2553 642 2626 OE
654 2552 702 2625 ad
719 2553 790 2625 DB
808 2566 846 2626 et
865 2553 935 2627 ΟΡ
951 2552 999 2624 ad
1012 2552 1093 2639 OE,

66 2663 241 2739 rationum
259 2664 327 2739 GE
345 2665 393 2739 ad
409 2666 476 2740 AB
494 2678 533 2739 et
561 2666 629 2738 HF
658 2664 707 2739 ad
730 2668 792 2740 GE
816 2666 1091 2760 subtriplicatae.

68 2772 180 2854 Quare
204 2790 446 2876 aggregatum
472 2780 635 2854 omnium
654 2780 730 2870 QF,
743 2781 820 2870 OE,
835 2781 913 2869 BD,
927 2789 1010 2867 ete,
1027 2803 1091 2873 ag-

66 2894 198 2990 gregati
213 2895 379 2967 omnium
390 2894 470 2981 HF,
483 2893 557 2984 GE,
568 2894 646 2983 AB,
658 2907 742 2984 etc,
754 2895 823 2967 erit
837 2895 917 2989 (per
927 2915 1091 2988 assump-

67 3013 135 3078 tum
151 3005 371 3103 secundnm)
392 3006 625 3104 subtriplum.
678 3006 731 3079 Ut
744 3031 832 3102 ergo
850 3018 1091 3103 aggregatum

67 3118 292 3194 velocitatum
309 3119 357 3192 ad
371 3130 613 3216 aggregatum
634 3132 852 3215 temporum,
871 3119 1002 3215 quibus
1029 3118 1093 3193 de-

66 3232 267 3307 scribuntur
282 3231 401 3328 figura
431 3231 603 3306 deficiens
627 3243 666 3304 et
697 3232 1017 3328 complementum,
1042 3232 1094 3304 ita

67 3343 128 3418 erit
141 3345 263 3443 ipsum
281 3345 589 3441 complementum
608 3345 656 3417 ad
673 3346 828 3441 figuram
845 3347 974 3442 ipsam,
985 3346 1093 3417 nimi-

68 3475 148 3548 rum,
164 3458 474 3556 complementum
492 3459 651 3533 DBEFC
668 3459 716 3532 ad
741 3460 897 3555 figuram
911 3459 1091 3532 ABEFC:

69 3570 155 3663 qnod
171 3584 255 3646 erat
272 3571 612 3646 demonstrandum.

108 3682 154 3758 B.
180 3684 358 3782 Sequitur
374 3686 472 3774 hinc,
490 3686 591 3782 quod
608 3710 692 3759 eum
709 3686 747 3758 in
775 3684 967 3781 triangulis
997 3685 1093 3755 basis

70 3791 234 3873 decrescit
250 3798 291 3871 in
311 3799 455 3873 ratione
472 3812 693 3896 temporum,
711 3799 1092 3895 parallelogrammum

69 3908 129 3983 erit
141 3911 198 3985 nni
214 3912 392 4008 trianguli
409 3912 585 4010 duplum;
611 3935 767 4007 cumque
780 3912 876 3985 basis
895 3909 1092 4002 semipara-

70 4014 149 4097 bolae
165 4023 355 4098 decrescat
372 4025 566 4099 iuratione
583 4036 789 4120 temporum
809 4022 1003 4118 duplicata,
1021 4021 1093 4093 erit

153 4160 320 4214 vou1v.
967 4155 992 4208 ο
