2618 5092
223 646 297 714 ⁴194
543 657 728 713 cunano
747 654 943 713 BPHEBB.

47 852 131 897 raon.
145 851 180 893 n.
224 826 297 900 crit
313 825 496 924 quadrato
513 824 638 905 FGHI
653 824 882 925 parallelum,
897 836 939 901 et
953 822 1180 899 diatiucmm
1193 846 1269 921 par·

47 920 183 959 ‘⁸⁹‘
223 940 326 1013 tinus
342 939 475 1013 iucem
491 940 626 1038 quibus
642 938 885 1037 distinguitur
901 936 1131 1035 quiritum
1157 936 1270 1035 ipsum

224 1049 351 1130 FGHI
365 1052 406 1125 in
423 1052 532 1127 dictis
547 1052 710 1150 punctis.
760 1052 886 1151 Atque
902 1050 1003 1125 idem
1019 1050 1227 1147 continget,
1241 1048 1270 1123 si

225 1164 367 1239 wdem
383 1166 707 1263 perpendiculares
721 1164 916 1263 productae
942 1163 1019 1240 siut
1045 1164 1098 1239 ad
1120 1162 1270 1239 eandmi

225 1277 475 1365 altitudinem,
492 1278 571 1368 AO,
588 1277 686 1353 iufra
699 1278 947 1353 horizontem.

278 1390 468 1479 Similiter,
485 1390 517 1465 si
533 1392 573 1465 in
589 1390 979 1489 puuctiaQP,0,R,s,
989 1390 1069 1481 Z,S,
1079 1422 1107 1479 ε,
1122 1390 1269 1487 t,'l',7,a‚

225 1503 266 1576 in
282 1502 519 1578 altitudinem
534 1503 605 1578 AY
620 1504 811 1600 erigantur
825 1504 1156 1603 perpendiculares
1168 1528 1271 1600 supra

225 1614 471 1705 horizontem,
487 1615 639 1713 planum
656 1616 810 1690 ductum
836 1640 903 1714 per
925 1617 1077 1691 illarum
1100 1616 1270 1692 terminos

225 1728 299 1803 erit
314 1727 496 1826 quadrato
512 1724 643 1819 Qusu
659 1729 886 1826 parallelum.
928 1730 1057 1828 Atque
1073 1729 1175 1803 idem
1192 1754 1271 1803 con-

225 1842 348 1939 tinget
363 1842 477 1917 ctiam
493 1842 591 1916 infra
605 1841 862 1917 horizontem:
888 1854 1073 1941 eruntque
1089 1844 1182 1918 facti
1202 1842 1270 1916 duo

225 1954 324 2047 cubi,
342 1977 500 2050 quorum
522 1954 640 2029 latera
655 1967 744 2029 suut
760 1954 831 2030 GH
850 1967 890 2029 et
914 1956 999 2031 Qu.
1053 1956 1176 2053 Super
1190 1980 1270 2031 cen-

224 2078 327 2142 trum
343 2068 377 2140 A
395 2067 642 2142 constituatur
659 2068 880 2164 quadratum
907 2068 1009 2168 orffg
1024 2070 1170 2166 aequale
1186 2068 1270 2144 dua

224 2179 296 2254 bus
322 2180 442 2255 tertiis
469 2180 584 2255 totius
600 2181 774 2277 quadrati
791 2178 928 2257 GHIF.
979 2178 1166 2272 Quoniam
1188 2206 1269 2279 ergo

225 2293 445 2391 quadratum
465 2292 592 2385 Qasr
610 2296 752 2393 aequale
768 2308 825 2369 est
849 2294 989 2373 circulo
1007 2294 1157 2387 BDCE,
1175 2297 1206 2371 si
1228 2296 1270 2370 ad

225 2419 365 2505 puncta
382 2406 426 2498 Q,
438 2406 484 2497 R,
499 2405 579 2496 S,T
601 2408 792 2505 erigantur
819 2420 930 2482 rectae
952 2410 1271 2506 perpendiculares

225 2506 382 2618 quarum
405 2544 636 2617 unaquaeque
657 2522 809 2618 aequalis
833 2522 881 2595 sit
904 2521 1088 2596 diametro
1114 2525 1187 2613 ΟΕ,
1212 2524 1271 2596 fiet

225 2635 384 2708 solidum
401 2634 657 2730 rectangulum
675 2635 815 2732 aequale
833 2635 1002 2732 cylindro
1020 2638 1226 2711 constituto
1237 2638 1270 2710 in

225 2747 355 2821 eadem
373 2747 581 2821 altitudine.

278 2862 400 2957 Hujus
430 2859 588 2956 cylindri
619 2860 702 2934 duae
732 2861 853 2934 tertiae
879 2861 1041 2958 aequales
1073 2875 1164 2936 sunt
1196 2864 1271 2959 (pcr

227 2971 505 3066 Archimedem)
516 2973 670 3067 sphaerae
688 2997 711 3046 a
729 2972 910 3048 diametro
929 2976 1014 3048 CE:
1031 2999 1180 3073 nempe,
1193 3000 1271 3073 par-

224 3085 498 3184 allelipipedum
525 3088 783 3183 rectangulum
814 3090 919 3184 cujus
946 3087 1105 3162 altitudo
1131 3099 1188 3162 est
1209 3114 1270 3187 og,

226 3212 264 3275 et
281 3200 364 3274 duae
378 3199 623 3273 dimensiones
640 3201 791 3296 reliquae
809 3213 896 3274 sunt
908 3201 975 3274 TR
986 3211 1024 3274 et
1039 3201 1125 3291 QR,
1139 3201 1271 3298 aequale

226 3315 298 3388 erit
325 3313 490 3410 sphaerae.
554 3313 656 3386 Inter
682 3313 778 3387 latus
801 3312 870 3396 ΤΟ
897 3325 936 3387 et
960 3313 1197 3387 altitudinem
1223 3339 1272 3412 ag

225 3439 393 3502 sumatur
422 3426 544 3500 media
573 3427 858 3524 proportionalis
885 3426 944 3516 ltu,
975 3428 1271 3524 complenturque

226 3540 448 3637 quadratum
465 3538 573 3612 llmn.
615 3540 800 3614 Quoniam
815 3564 904 3636 ergo
920 3540 1041 3614 latera
1057 3541 1141 3629 TQ,
1151 3541 1211 3629 lm,
1222 3566 1271 3639 og

225 3665 313 3727 sunt
331 3654 507 3726 continue
524 3655 828 3751 proportionalia,
846 3654 918 3727 erit
940 3654 1166 3749 quadratum
1179 3654 1272 3727 dlmu

225 3765 365 3862 aequale
382 3766 597 3861 rectangulo
616 3769 683 3840 sub
700 3767 781 3857 Tu,
798 3791 864 3865 ug.
909 3767 1035 3841 Quare
1053 3768 1271 3865 quadratum

226 3878 324 3952 dlmu
342 3877 495 3951 ductum
513 3879 552 3951 in
580 3903 687 3953 suum
712 3880 874 3953 latusim
893 3880 1036 3976 aequale
1058 3881 1131 3954 erit
1158 3881 1271 3955 solido

226 3993 293 4066 sub
310 3993 392 4081 Tu,
410 3992 470 4080 Itu,
483 4016 547 4090 ag.
592 3993 779 4075 Quoniam
796 4016 886 4088 ergo
903 3992 998 4065 ratio
1017 3993 1192 4090 quadrati
1204 3993 1272 4067 aka

225 4105 274 4179 ad
295 4105 515 4203 quadratum
539 4105 585 4178 ab
603 4130 670 4204 cg,
689 4104 877 4203 duplicata
900 4117 957 4179 est
984 4106 1141 4180 rationis
1167 4131 1272 4203 quam

226 4220 339 4294 habet
356 4219 513 4294 altitudo
532 4220 580 4292 ln
599 4219 648 4293 ad
665 4245 732 4317 ag,
747 4232 784 4293 et
803 4218 961 4293 altitudo
973 4220 1105 4295 TQad
1116 4219 1270 4295 altitudi-

225 4357 311 4406 nem
346 4359 400 4433 ag
431 4332 655 4430 duplicatam
692 4333 803 4407 habet
837 4333 1019 4407 rationem
1055 4336 1137 4431 ejus
1167 4357 1272 4431 quam

225 4445 338 4518 habet
364 4444 522 4519 altitudo
539 4446 610 4521 'l'Q
625 4445 674 4519 ad
701 4445 936 4520 altitudinem
963 4446 1024 4537 lea,
1041 4460 1156 4522 erunt
1171 4447 1271 4521 bases

226 4556 427 4632 solidorum
445 4561 513 4633 sub
529 4560 611 4651 ΤΟ,
625 4560 685 4651 liu,
700 4586 767 4661 og,
786 4571 824 4636 et
841 4559 1055 4637 altitudines
1074 4561 1270 4638 eorundem
