2618 5092
384 664 438 716 un
457 664 629 718 marusa
648 664 786 717 sauls,
1031 654 1104 718 295

65 831 164 905 culus
190 831 447 906 arithmeticus
465 857 550 905 cum
574 857 597 905 a
618 833 844 928 geometrico
862 832 1020 919 differat,
1038 857 1106 905 cur

64 943 246 1017 tantillum
275 944 410 1036 differt,
439 945 624 1033 nimirum,
650 955 789 1042 quanta
815 957 872 1018 est
899 945 1107 1019 differentia

62 1056 298 1131 interd1681
320 1069 358 1131 et
373 1060 528 1132 d1682?

109 1170 161 1242 A.
189 1170 289 1246 Quia
305 1171 368 1267 qui
393 1171 510 1245 lineas
536 1171 787 1246 consideratas
809 1172 888 1246 sine
909 1171 1105 1245 latitudine

61 1283 294 1379 multiplicat,
312 1307 386 1357 non
404 1284 494 1358 facit
515 1284 679 1380 planum,
698 1285 764 1359 sed
792 1308 987 1359 numerum
1014 1285 1106 1357 line-

60 1420 173 1468 arum.
229 1398 281 1469 At
299 1397 358 1470 ille
376 1398 437 1494 qui
456 1399 742 1472 lineamrectam
758 1398 797 1472 in
811 1399 946 1472 lineam
964 1409 1103 1471 rectam

59 1507 172 1596 ducit,
185 1532 381 1582 numerum
399 1510 579 1583 linearum
597 1509 784 1600 nonfacit,
796 1508 861 1583 sed
876 1510 1104 1606 superficiem

59 1619 219 1718 planam
259 1622 350 1696 Inde
367 1623 466 1696 enim
480 1623 686 1696 necessario
705 1622 852 1711 accidit,
869 1635 913 1694 ut
925 1623 964 1695 in
982 1623 1106 1695 lateri-

58 1735 125 1808 bus
151 1735 359 1831 planorum,
375 1747 514 1835 puncta
541 1761 622 1833 quae
650 1750 738 1809 sunt
765 1737 804 1809 in
832 1735 977 1831 angulis
1005 1760 1104 1808 com-

59 1848 183 1921 munia
217 1848 373 1922 dnarum
407 1863 593 1922 rectarum
624 1849 681 1921 bis
712 1860 965 1937 numerentur,
995 1860 1033 1921 et
1066 1848 1105 1921 in

58 1961 233 2035 lateribus
250 1963 429 2036 cuborum
447 1974 515 2036 ter.

105 2074 156 2146 B.
183 2074 357 2172 Intelligo
383 2077 566 2172 jamnon
585 2074 694 2148 modo
713 2073 812 2171 quod
829 2073 1037 2170 duplicatus
1056 2075 1104 2148 sit

59 2187 184 2276 cubuc,
200 2187 298 2261 ratio
319 2189 509 2285 perimetri
537 2187 665 2262 circuli
693 2186 740 2260 ad
764 2186 908 2260 radium
940 2187 1103 2276 inventa,

59 2322 142 2372 vera
158 2300 295 2397 cyclois
314 2300 509 2397 descripta,
527 2313 697 2374 centrum
724 2300 916 2396 gravitatis
940 2300 1103 2372 semicir-

60 2413 129 2486 culi
162 2425 364 2509 repertum‚
399 2414 554 2511 angulus
583 2414 622 2486 in
657 2413 745 2486 data
775 2414 918 2487 ratione
952 2412 1102 2499 divisus

58 2525 161 2602 lineae
180 2527 363 2623 parabolae
379 2528 437 2601 vel
450 2529 699 2624 cujuscunque
716 2527 963 2623 paraboloidis
981 2549 1103 2599 curvae

60 2639 208 2735 aequalis
238 2639 390 2712 inventa
416 2652 542 2713 recta:
570 2639 635 2712 sed
665 2640 777 2713 etiam
811 2663 877 2712 cur
912 2651 998 2712 ante
1031 2640 1103 2711 hoc

60 2763 202 2848 tempus
229 2751 389 2826 inventae
419 2776 494 2825 non
525 2762 622 2838 sunt,
647 2776 792 2849 nempe,
822 2753 923 2848 qnod
949 2752 1102 2849 perinde

61 2861 225 2938 habiturn
251 2864 299 2938 sit
320 2864 564 2961 multiplicare
582 2888 640 2937 res
657 2889 724 2960 per
741 2889 935 2938 numerum
963 2866 1102 2960 simpli-

61 2976 159 3067 citer,
178 2988 218 3051 et
228 3000 295 3073 per
312 3000 506 3050 numerum
524 3000 648 3050 rerum
666 2977 876 3050 earundem.

105 3091 154 3164 A.
183 3090 224 3163 Si
241 3102 344 3164 recta
360 3090 405 3163 ai
420 3089 647 3186 producatur
664 3089 780 3163 donec
799 3102 900 3162 secet
925 3088 1100 3183 diagona-

61 3200 127 3277 lem
156 3204 243 3294 DB,
271 3216 362 3300 puta
389 3204 428 3277 in
451 3203 478 3293 l,
502 3203 574 3277 erit
597 3202 654 3277 Dl
682 3203 885 3299 diagonalis
920 3201 1101 3298 quadrati,

61 3317 160 3411 cujus
172 3316 269 3389 latus
286 3329 342 3390 est
358 3315 481 3390 media
497 3316 730 3389 arithmetica
747 3317 844 3388 inter
862 3315 936 3389 DY
954 3325 990 3388 et
1009 3314 1099 3386 DX.

61 3426 100 3500 ld
133 3430 232 3503 enim
267 3430 433 3527 sequitur
465 3429 684 3518 necessario,
713 3431 743 3502 si
771 3428 882 3501 modo
912 3428 996 3516 DY,
1024 3427 1099 3500 DX

59 3543 184 3616 mediae
201 3543 276 3616 sint
291 3541 585 3640 proportionales
602 3543 699 3616 inter
715 3543 789 3616 AD
808 3554 846 3615 et
864 3542 948 3615 AV.

102 3656 152 3729 B.
179 3655 448 3730 Necessitatem
465 3655 565 3728 illam
584 3655 747 3728 nondum
766 3655 944 3751 percipio.

103 3767 152 3841 Α.
179 3768 262 3841 Nisi
275 3769 328 3842 ita
344 3792 424 3842 esse
435 3767 647 3841 meditando
664 3769 829 3841 invenias
846 3768 935 3864 ipse,
947 3766 1098 3840 demon-

58 3880 177 3954 strabo
196 3905 287 3976 ego;
314 3880 378 3954 sed
396 3881 468 3953 alio
486 3893 663 3974 tempore.

103 3991 150 4066 B.
178 3994 253 4067 Sed
285 4007 483 4091 antequam
514 3993 756 4081 discedamus
783 3994 842 4067 dic
871 3993 961 4065 mihi
982 4016 1030 4064 an
1051 4016 1095 4063 ex

60 4102 125 4179 illis
158 4107 274 4180 literis
305 4108 349 4180 V.
368 4109 412 4181 Α.
438 4109 484 4184 Q.
509 4109 554 4181 R.
590 4109 783 4181 authorem
818 4107 917 4180 nosti
951 4105 1097 4201 proble-

59 4220 188 4293 matis?

103 4332 150 4405 Α.
177 4331 311 4405 Literae
331 4332 403 4405 illae
433 4333 591 4407 initiales
619 4335 861 4407 sunthorum
887 4331 1094 4417 verborum,

64 4442 116 4516 Ua
127 4445 249 4518 Antra
268 4448 348 4530 Que
363 4446 555 4521 Robcroal.

103 4558 149 4633 B.
177 4559 336 4633 Discedo
368 4563 445 4656 jam
473 4561 604 4650 multo,
632 4575 674 4634 ut
698 4559 788 4632 mihi
817 4557 955 4644 videor,
984 4579 1094 4651 quam
