2618 5092
201 656 275 722 342
477 666 758 721 Pnonnnutnun
776 666 974 723 uuinton.

29 866 152 909 omn.
201 833 301 931 quod
318 858 456 909 novum
472 859 496 910 a
512 836 630 910 veteri
653 833 794 911 mundo
816 846 980 935 separat,
996 834 1236 911 Atlanticum

25 936 189 1052 Μᾟω,
202 972 315 1046 supra
345 974 428 1048 quae
451 951 570 1025 mario
594 948 650 1025 sol
671 950 812 1025 rectior
832 948 977 1025 incedit
1003 972 1119 1047 quarn
1142 970 1239 1047 supro

25 1059 350 1169 Qffl'waetera,
381 1073 420 1137 et
448 1075 648 1161 propterca
673 1064 854 1163 majorem
878 1060 969 1139 inde
998 1060 1124 1139 elevat
1146 1084 1240 1159 εφη

203 1176 461 1273 quantitatem.
513 1177 609 1252 Quae
630 1200 717 1249 cum
742 1176 784 1251 iu
811 1174 950 1249 nubem
978 1172 1172 1269 concern
1186 1172 1240 1249 dc·

203 1288 348 1364 scendit
364 1312 492 1363 rursus
508 1289 548 1363 in
564 1289 701 1386 pluvia.

253 1403 304 1476 A.
331 1402 372 1476 Si
399 1400 455 1475 sol
484 1424 633 1498 aquam,
657 1410 703 1476 ut
729 1399 835 1489 dicis,
858 1400 995 1491 elevat,
1020 1422 1092 1475 cur
1118 1422 1192 1475 non
1208 1408 1241 1473 et

205 1514 386 1590 sustinere
403 1525 592 1612 potestne
608 1514 778 1589 recidat?

255 1628 305 1702 B.
339 1628 462 1701 Etiam
489 1628 702 1719 sustineret,
726 1624 852 1717 credo,
875 1626 949 1702 uisi
975 1624 1108 1703 multu
1132 1636 1241 1724 pota

204 1753 468 1815 concurrentes
501 1740 667 1838 pondere
700 1764 769 1815 suo
799 1740 875 1815 vim
909 1738 1122 1815 elevantem
1147 1762 1242 1838 supc-

203 1866 342 1928 rorent.

253 1967 304 2041 A.
331 1967 426 2042 Quae
445 1989 557 2041 corna
571 1977 629 2041 est
645 1966 870 2041 concursus?

254 2077 303 2155 B.
331 2078 519 2175 Quicquid
545 2078 675 2153 lationi
702 2101 831 2153 earum
859 2100 900 2151 se
923 2078 1097 2177 opponit,
1113 2088 1153 2153 ct
1172 2088 1243 2154 tau-

204 2195 320 2291 tisper
343 2193 480 2267 retinet
503 2192 593 2267 dum
622 2193 705 2268 aliae
730 2194 1027 2291 supervenerint,
1045 2204 1090 2268 ut
1114 2204 1244 2269 monta

205 2307 264 2380 vel
298 2318 443 2379 ventus.
508 2306 704 2394 Praetereo,
738 2303 887 2401 quaudo
920 2302 1098 2379 feruntur
1130 2328 1245 2380 versus

205 2420 322 2516 polos,
341 2419 405 2491 ubi
422 2419 477 2491 vis
495 2418 582 2492 solis
600 2433 751 2516 propter
775 2417 1034 2514 obliquitatem
1052 2418 1173 2492 minor
1187 2431 1244 2508 est,

205 2532 304 2605 unde
318 2531 548 2605 descendunt
566 2532 744 2627 paulatim
762 2531 925 2627 pondere
943 2555 1025 2605 suo.
1080 2532 1156 2606 Sed
1172 2533 1246 2627 quia

204 2645 349 2741 pondus
384 2644 477 2717 illud
506 2645 626 2717 tendit
651 2645 697 2718 ab
733 2645 835 2718 omni
862 2657 970 2741 purte
1004 2645 1055 2718 ad
1089 2659 1246 2719 centrum

206 2771 327 2845 terrae,
341 2758 549 2831 necessario
567 2773 753 2854 coguntur
768 2757 1027 2832 descendendo
1044 2759 1085 2833 in
1100 2760 1246 2857 spatium

205 2872 356 2956 arctius,
375 2883 413 2944 et
430 2871 587 2966 guttulae
604 2883 781 2945 contactu
797 2885 982 2946 crescunt.

256 2982 304 3059 A.
332 2985 376 3057 In
397 2985 584 3057 altissimis
616 2985 803 3058 montibus
826 3008 894 3058 cur
911 2998 989 3058 tam
1007 3009 1110 3083 saepe
1127 2985 1247 3081 ningit,

207 3111 285 3173 tam
303 3122 386 3171 raro
405 3096 529 3194 pluit?

258 3210 305 3284 B.
336 3211 435 3286 Quia
452 3234 606 3307 vapores
629 3210 763 3284 elevati
791 3232 903 3305 supra
918 3234 1085 3285 summos
1103 3223 1247 3299 montes,

206 3326 270 3399 ubi
288 3339 412 3397 motus
430 3324 525 3397 aeris
544 3335 600 3396 est
626 3323 848 3411 liberrimus,
872 3323 920 3396 ab
943 3323 1008 3397 illo
1034 3337 1141 3399 motu
1167 3324 1249 3398 aeris

207 3437 463 3533 congelantur,
476 3450 674 3533 antequam
693 3437 731 3509 in
747 3448 874 3532 guttas
888 3438 1125 3532 maJusculas,
1136 3438 1249 3535 quales

207 3550 350 3623 faciunt
364 3550 540 3646 pluviam,
554 3551 743 3623 uniantur.
780 3549 945 3623 Guttulae
963 3563 1092 3624 autem
1105 3552 1158 3625 sic
1175 3573 1249 3625 con·

208 3663 341 3762 gelatae
360 3675 448 3735 suut
465 3662 541 3736 nix.

258 3773 304 3847 Α.
332 3774 408 3848 Cur
434 3789 511 3848 tam
538 3797 622 3848 raro
647 3775 743 3871 pluit
768 3777 807 3848 in
824 3774 1000 3871 AEgypto,
1028 3801 1115 3850 cum
1137 3789 1249 3852 tamen

208 3890 247 3963 in
278 3889 368 3961 locis
398 3890 578 3984 aequatori
606 3889 840 3985 propioribus
866 3889 994 3986 pluvia
1015 3902 1124 3966 tauta
1147 3893 1195 3966 sit
1216 3900 1250 3962 ut

208 4002 295 4076 inde
314 4002 392 4075 Nili
410 4003 552 4077 oriatur
568 4002 790 4077 inundatio?

258 4117 308 4188 B.
337 4116 469 4202 Causa,
495 4127 538 4188 ut
567 4115 655 4204 dixi,
674 4107 926 4189 descensionis
955 4115 1095 4214 pluviae
1121 4142 1204 4205 una,
1219 4124 1249 4189 et

206 4230 304 4303 forte
332 4229 504 4318 maxima,
523 4242 580 4302 est
598 4229 767 4304 collectio
785 4241 823 4303 et
840 4230 878 4302 in
895 4230 1022 4303 nivem
1052 4229 1248 4329 inspissatio

207 4367 389 4440 vaporum
407 4344 508 4415 circa
526 4355 672 4415 montes
691 4366 858 4439 magnos,
877 4366 961 4438 quae
980 4344 1100 4420 Lunae
1116 4346 1247 4419 Montes

208 4457 460 4550 appellantur:
487 4457 673 4552 praecipue
701 4481 789 4531 vero
823 4458 1008 4533 existente
1040 4462 1120 4535 sole
1149 4479 1246 4558 prope

209 4570 516 4663 aequinoctialem,
529 4571 592 4666 qui
609 4594 742 4666 aquam
757 4585 847 4645 tuno
859 4573 1121 4667 potentissime
1134 4576 1245 4653 elevat,
