2618 5092
334 618 617 674 Paosunuara
635 621 830 676 nursica.
1032 611 1103 676 335

96 784 144 860 A.
171 786 248 860 Per
277 785 455 860 clastrum
488 787 654 883 intelligo
683 788 845 884 partium
875 788 1104 863 internarum
1163 819 1272 861 clav.

52 911 229 973 conatum
247 899 471 974 restituendi
487 923 526 972 se
544 900 592 974 ad
610 900 734 987 situm,
752 925 775 974 a
792 925 866 997 quo
883 925 950 1000 per
966 903 1104 976 tensio·
1144 887 1289 992 ᾞηζ

52 1037 135 1086 nem
152 1012 330 1088 abduetae
346 1011 506 1087 fuerant.
1169 1013 1269 1060 “¹¹¹⁰OE

100 1127 152 1198 B.
180 1127 349 1200 Conatus
377 1125 467 1222 quid
494 1125 544 1199 sit
572 1150 649 1200 non
679 1126 762 1223 plus
789 1126 967 1224 intelligo,
994 1152 1105 1224 quam

54 1238 143 1336 quid
159 1239 210 1312 sit
223 1237 413 1312 clastrum.

104 1351 155 1425 A.
183 1351 256 1426 Per
280 1363 457 1425 conatum
480 1350 647 1447 intelligo
670 1351 895 1449 principium
920 1363 1042 1427 motus
1065 1355 1105 1427 in

55 1465 193 1540 lamina
209 1465 371 1538 tensioni
388 1466 625 1539 contrarium.

103 1579 156 1652 B.
184 1578 261 1653 Sed
289 1579 510 1675 principium
537 1591 660 1652 motus
688 1580 922 1676 quantumvis
951 1579 1105 1653 insensi-

55 1693 141 1782 bile,
159 1705 288 1766 tamen
304 1703 427 1766 motus
445 1703 510 1765 est.
563 1691 644 1764 Scis
661 1703 785 1765 autem
799 1691 891 1764 nihil
907 1716 988 1766 esse
1005 1694 1106 1790 quod

56 1804 282 1902 principium
300 1818 421 1878 motus
432 1805 502 1878 sibi
520 1805 589 1901 ipsi
607 1804 696 1877 dare
708 1816 843 1900 potest.
896 1805 996 1880 Quid
1015 1831 1104 1904 ergo

57 1917 204 1991 laminae
221 1930 338 1991 tensae
351 1931 389 1991 et
406 1918 612 2012 quiescenti
624 1930 799 1992 conatum
813 1918 915 1993 dedit
931 1920 981 1993 ad
993 1921 1104 1994 situm

56 2031 218 2128 priorem
235 2031 470 2105 revertendi?

105 2142 154 2217 A.
182 2144 250 2218 Ille
267 2144 371 2218 dedit
388 2143 451 2242 qui
467 2145 584 2241 ipsam
602 2145 771 2219 tetendit.

105 2258 157 2331 B.
187 2257 286 2331 Fieri
310 2281 386 2331 non
406 2268 543 2354 potest.
595 2258 662 2331 Ille
687 2260 787 2332 euim
809 2269 984 2333 conatum
1001 2285 1107 2357 pror-

58 2394 138 2444 sum
156 2370 282 2444 dedit:
310 2371 376 2445 sed
391 2384 547 2445 conatus
565 2370 626 2444 hic
648 2383 707 2445 est
724 2382 938 2445 retrorsum.

105 2483 155 2556 A.
184 2482 423 2557 Concedatur
445 2494 619 2557 conatum
638 2507 716 2558 esse
734 2495 888 2574 motum,
909 2497 947 2558 et
964 2498 1107 2560 motum

57 2595 161 2670 illum
178 2620 258 2670 esse
274 2597 314 2670 in
331 2597 497 2693 partibus
514 2596 669 2669 internis
691 2596 839 2671 laminae
863 2621 1009 2695 semper
1025 2601 1107 2675 sive

57 2719 172 2784 tensae
189 2709 268 2782 sive
284 2733 361 2782 non
376 2721 515 2783 tensae:
543 2733 616 2806 quo
633 2722 743 2806 pacto
761 2711 847 2783 inde
864 2710 990 2801 infers,
1006 2715 1106 2809 quod

56 2823 304 2898 necessarium
318 2825 379 2913 sit,
393 2823 613 2919 simulatque
629 2823 702 2896 avi
719 2824 898 2898 tensionis
914 2826 1105 2917 liberatur,

56 2948 97 3012 ut
112 2962 160 3012 ea
170 2937 222 3011 ad
238 2937 351 3011 situm
367 2937 564 3033 pristinum
582 2936 824 3011 restituatur?

104 3051 157 3125 B.
186 3051 273 3124 Hoc
306 3062 428 3147 pacto.
491 3049 585 3122 Cum
615 3050 731 3123 sitin
761 3050 928 3146 partibus
957 3050 1104 3125 laminae

56 3178 179 3240 motus
208 3165 353 3262 qualem
381 3164 472 3254 dixi,
497 3163 690 3237 invisibilis
710 3163 860 3262 quidem
887 3163 953 3236 sed
979 3175 1104 3237 tamen

55 3279 317 3368 velocissimus,
335 3278 448 3351 etiam
464 3289 550 3351 ante
569 3278 787 3362 tensionem,
804 3290 928 3349 motus
951 3276 1012 3349 ille
1041 3278 1104 3372 qui

55 3405 139 3468 ante
150 3392 360 3467 tensionem
370 3391 483 3465 fiebat
495 3389 699 3463 secundum
709 3389 979 3487 longitudinem
994 3414 1105 3485 quam

55 3505 186 3580 habuit
214 3506 261 3578 ab
292 3505 427 3578 ictibus
451 3503 669 3577 malleorum
691 3503 845 3601 chalybe
868 3503 990 3576 adhuc
1017 3528 1105 3576 can-

56 3618 178 3708 dente,
204 3629 349 3691 tensam
377 3639 477 3689 nune
504 3615 553 3688 ad
586 3616 745 3690 eundem
779 3617 891 3690 situm
925 3617 1104 3690 continuo

55 3745 176 3831 urget.
222 3729 352 3827 Itaque
371 3729 495 3802 ablato
512 3729 790 3826 impedimento,
809 3730 858 3804 ad
874 3731 986 3804 situm
1003 3731 1103 3826 prio-

55 3869 131 3920 rem
149 3844 327 3919 laminam
344 3843 525 3916 restituet.

103 3961 154 4034 Α.
184 3957 260 4032 Sed
290 3968 487 4053 antequam
520 3967 753 4030 removeatur
785 3956 1101 4053 impedimentum,

57 4085 210 4147 conatus
237 4070 300 4143 ille
327 4070 517 4143 nullumne
545 4071 718 4143 effectum
744 4069 952 4166 producet?
1004 4070 1102 4140 Nam

59 4197 211 4260 conatus
238 4184 300 4257 ille
324 4195 445 4257 motus
469 4193 549 4269 est;
576 4195 615 4257 et
641 4196 763 4257 motus
787 4185 906 4257 omnis
930 4184 1101 4255 effectum

59 4298 214 4396 aliquem
232 4299 369 4371 habere
387 4297 507 4370 debet.

106 4413 156 4486 B.
173 4412 309 4500 Etiam,
316 4413 487 4486 effectum
498 4411 658 4508 aliquem
666 4411 836 4496 habebit;
846 4432 978 4506 nempe
990 4409 1101 4494 huno,

61 4537 98 4602 ut
113 4539 281 4626 tempore
296 4527 375 4617 fiat,
392 4526 505 4622 longo
523 4526 674 4622 inquam
690 4538 869 4622 tempore,
886 4532 931 4596 ut
947 4534 1101 4596 conatus
