2618 5092
341 628 621 684 Pnonnnunrs
640 633 834 688 nnrsrcn.
1036 620 1109 687 329

60 792 161 892 quale
179 803 240 868 est
257 806 449 892 spectrum
464 828 473 882 ;
497 798 614 894 qualis
627 810 684 873 est
700 800 844 873 macula
856 811 944 873 ante
962 800 1110 874 oculum
1156 830 1225 871 cnr.

59 933 80 981 a
95 920 301 1005 conspecto
320 909 408 996 sole,
420 911 479 983 vel
496 911 582 1008 igne
600 912 862 998 candescente3
881 914 989 1011 quale
1006 914 1110 987 deni·
1149 900 1232 1004 ss

60 1034 205 1117 quaest
223 1022 425 1096 somnium.
478 1024 573 1098 Sunt
590 1026 688 1099 enim
706 1027 926 1101 haecomnia
942 1028 1009 1100 sub
1023 1051 1111 1099 vex·
1165 1025 1232 1069 ”¹¹⁰⁰

59 1134 119 1206 illo
135 1133 360 1232 phantasiae,
374 1136 484 1210 nullis
501 1137 595 1211 fulta
611 1140 840 1235 corporibus,
853 1139 946 1213 nulli
964 1141 1111 1236 corpori

59 1247 269 1322 insidentia.

109 1361 161 1434 A.
189 1360 268 1434 Cur
296 1371 434 1450 autem,
461 1363 611 1459 quando
641 1365 758 1438 solem
787 1377 853 1439 aut
881 1365 1020 1455 lunam,
1045 1378 1111 1439 aut

61 1473 163 1547 aliud
179 1497 316 1571 eorpus
341 1473 507 1564 intueris,
524 1499 600 1549 non
617 1477 681 1551 illa
704 1502 850 1575 quoque
868 1488 1015 1576 spectra
1031 1503 1110 1553 esse

62 1586 175 1676 dieas,
193 1598 230 1659 et
248 1585 534 1683 phantasmata?

109 1700 160 1774 B.
186 1700 312 1773 Etiam
328 1699 474 1772 illorum
491 1701 739 1796 apparitiones
756 1703 1015 1798 phantasmata
1032 1729 1111 1779 esse

62 1812 156 1887 dico.
211 1813 444 1908 Quamquam
470 1813 570 1885 enim
597 1812 664 1902 sol,
693 1826 737 1887 ut
765 1828 805 1888 et
828 1840 937 1890 omne
965 1841 1111 1914 oorpuS,

62 1926 212 2000 realiter
228 1926 364 1999 existat
375 1940 413 1999 et
431 1936 590 2015 maneat,
601 1925 762 2000 circulus
776 1940 902 2001 tamen
917 1929 977 2002 ille
992 1932 1113 2027 splen-

62 2038 182 2128 didus,
210 2037 474 2135 magnitudinis
505 2038 562 2130 (ut
585 2037 750 2134 videtur)
780 2040 934 2137 pedalis,
959 2044 1013 2118 sol
1038 2070 1113 2120 non

61 2165 131 2244 est,
167 2152 239 2226 nisi
267 2151 391 2249 plures
425 2151 499 2225 sint
531 2152 640 2225 soles.
693 2153 791 2226 Nam
821 2153 860 2226 in
888 2155 996 2230 vitris
1030 2182 1112 2254 quae

63 2265 224 2364 speciem
235 2263 496 2362 multiplicant,
506 2264 652 2338 videres
664 2266 799 2364 viginti
809 2267 917 2360 soles,
929 2267 961 2342 si
974 2273 1113 2366 speeies

62 2381 125 2454 illa
143 2390 240 2454 esset
253 2379 331 2476 ipse
343 2378 407 2452 sol.
460 2378 528 2452 Est
542 2379 627 2451 solis
641 2380 824 2477 apparitio
835 2393 993 2479 utroque
1004 2385 1112 2458 oculo

63 2517 142 2568 sna.
195 2494 291 2566 Item
316 2516 392 2566 uno
417 2493 525 2566 oculo
546 2492 698 2589 paulum
723 2492 885 2586 detorto,
912 2494 987 2570 duo
1017 2499 1113 2571 fiunt

63 2608 159 2681 soles
185 2605 226 2680 in
255 2605 362 2694 coelo,
385 2604 445 2678 vel
474 2617 605 2679 neuter
629 2605 684 2679 sol
711 2615 779 2679 est.
832 2606 959 2682 Etiam
982 2611 1113 2684 eodem

63 2734 232 2816 tempore
247 2718 395 2792 videtur
412 2717 466 2791 sol
484 2717 522 2791 iu
548 2718 643 2792 coelo
671 2732 711 2793 et
736 2720 776 2792 in
798 2721 962 2813 flumine,
979 2723 1020 2798 id
1044 2735 1112 2813 est,

62 2845 196 2909 neuter
212 2855 340 2906 eorum
359 2832 414 2906 sol
431 2843 498 2906 est.

112 2945 163 3021 A.
193 2944 383 3042 Siquidem
406 2945 487 3018 haee
503 2967 591 3017 vera
618 2955 718 3033 sunt,
737 2944 845 3019 video
868 2958 1109 3042 sequuturum

62 3061 125 3136 illa
139 3083 225 3156 quae
241 3082 265 3132 a
283 3056 402 3131 doctis
419 3056 652 3153 appellantur
674 3056 881 3131 accidentia
897 3082 1109 3155 corporum,

61 3184 198 3271 praeter
216 3183 358 3245 motum
382 3182 421 3244 et
436 3169 730 3266 magnitudinem
747 3171 873 3245 omnia
895 3196 975 3246 esse
992 3173 1112 3269 phan-

62 3297 236 3374 tasmata,
269 3309 346 3358 non
381 3284 535 3382 obJectis
569 3283 635 3356 sed
665 3283 837 3357 sentienti
868 3284 1110 3362 adhaerentia.

63 3398 138 3474 Sed
154 3397 255 3472 unde
272 3398 406 3487 evenit,
424 3408 467 3471 ut
481 3420 637 3492 corpora
654 3421 677 3470 a
695 3397 805 3470 oertis
822 3398 999 3494 gradibus
1012 3401 1111 3474 calo-

63 3512 112 3586 ris
131 3512 206 3585 alia
220 3509 445 3585 candescant
462 3521 500 3584 et
516 3510 677 3599 luceant,
695 3511 768 3583 alia
784 3534 860 3585 non
876 3512 1052 3588 luceant?

112 3625 164 3700 B.
192 3624 362 3720 Corpora
394 3648 477 3721 qnae
510 3623 637 3696 lucent
675 3623 799 3697 omnia
828 3637 971 3699 motum
1006 3627 1110 3701 illum

63 3737 213 3829 habent,
233 3761 343 3834 quem
360 3737 536 3835 supposui
553 3760 633 3810 esse
649 3736 689 3809 iu
706 3737 782 3810 sole
807 3750 847 3811 et
869 3751 981 3814 terra.
1039 3740 1110 3814 Cui

62 3851 193 3942 motui,
210 3863 255 3924 ut
267 3850 332 3924 fiat
344 3849 420 3940 lux,
435 3862 559 3923 certus
569 3849 770 3946 requiritur
782 3851 919 3947 gradum
932 3854 1110 3928 velocita-

62 3966 120 4055 tis,
152 3987 229 4062 quo
258 3963 408 4036 visionis
442 3986 623 4060 organum
658 3964 746 4037 satis
780 3964 927 4039 fortiter
961 3992 1110 4041 movere

62 4079 189 4176 possit.
241 4076 376 4150 Omnia
401 4100 558 4172 corpora
583 4101 659 4151 nou
685 4077 793 4151 nimis
815 4079 941 4170 fluida,
971 4106 994 4154 a
1021 4083 1109 4154 satis

63 4215 198 4290 magno
216 4191 341 4264 calore
366 4190 554 4265 lucebunt.
606 4192 771 4281 Ferrum,
789 4191 895 4289 lapis,
912 4217 1042 4267 aurum
1060 4195 1107 4267 ab

64 4304 147 4402 igne
163 4304 383 4379 vehemente
399 4302 587 4377 lucebunt.
638 4304 748 4402 Aqua
761 4329 835 4379 non
853 4307 1004 4397 lucebit,
1022 4308 1109 4403 quia

63 4430 186 4516 partes
204 4419 284 4515 ejus
301 4427 387 4491 ante
404 4417 555 4492 avolant
578 4442 687 4514 quam
714 4419 872 4516 gradum
899 4420 1109 4495 velocitatis
