2640 5092
335 123 615 172 unumunurn
635 123 829 174 rnrsrca.
856 174 861 182 ,
1028 109 1099 172 313

488 510 592 584 ΟΑΡ.
621 510 669 584 ll.

199 707 477 761 mosenum
497 710 552 761 DE
571 707 751 761 AESTIBUS
771 707 956 767 Mnnlnts.

106 848 154 922 A.
182 850 285 925 (lum
300 874 410 924 eausa
428 862 485 924 est
502 849 602 947 quod
618 851 665 923 ad
679 850 777 923 idem
794 849 897 923 littus
915 849 1052 938 affluat,
1064 861 1101 923 et

57 962 146 1037 inde
163 986 290 1036 rursus
303 964 448 1054 refluat,
465 987 624 1038 oceanus
642 962 753 1036 bisin
772 962 832 1034 die
850 961 1033 1035 naturali?

107 1076 158 1151 B.
186 1075 430 1150 Redeundum
457 1088 514 1150 est
541 1076 589 1150 ad
611 1075 777 1172 pelvem;
812 1075 850 1148 iu
878 1099 952 1171 qua
977 1075 1102 1148 vidisti

54 1188 179 1277 modo,
195 1201 238 1262 ut
255 1213 321 1285 per
338 1189 455 1264 latera
472 1191 563 1286 ejus,
581 1214 666 1263 eum
683 1201 907 1277 moveretur,
921 1213 1017 1285 aqua
1033 1190 1103 1263 oir-

54 1301 223 1375 eumibat
240 1302 348 1376 simul
365 1316 405 1377 et
433 1302 667 1376 ascendebat.
721 1303 856 1399 Cogita
883 1326 982 1375 nuuc
1011 1301 1101 1399 quid

55 1415 233 1505 eveniret,
260 1415 292 1488 si
319 1439 342 1489 a
368 1415 480 1490 labris
513 1416 664 1489 summis
698 1416 814 1513 pelvis
847 1439 914 1512 per
943 1415 1100 1489 fundum

53 1528 236 1603 transiens
248 1529 378 1603 affixus
394 1542 492 1603 esset
509 1530 615 1619 obex,
634 1530 698 1626 qui
716 1529 976 1603 circumeuntis
993 1552 1101 1625 aquae

53 1665 204 1714 cursum
217 1641 425 1739 impediret.
477 1642 611 1717 Nonne
629 1667 724 1740 aqua
741 1667 826 1715 cum
843 1642 882 1715 in
900 1642 1001 1714 illum
1020 1642 1099 1715 obi-

53 1777 134 1827 cem
153 1754 386 1850 impingeret,
403 1767 650 1829 reverteretur
670 1754 863 1829 subsidens
887 1753 1097 1850 gradatim?

54 1867 188 1940 Nonne
206 1879 244 1940 et
256 1867 355 1941 idem
372 1867 606 1966 contingeret
624 1870 736 1941 etiam
759 1868 807 1941 ad
834 1868 988 1941 alteram
1014 1890 1100 1962 par-

51 1992 129 2054 tem
147 1978 274 2068 obicis,
288 2003 498 2076 quanquam
513 2004 588 2054 uon
606 1981 736 2055 eodem
749 1979 944 2078 tempore?
988 1978 1098 2053 Quod

52 2117 140 2166 cum
156 2092 235 2180 fiat,
251 2092 496 2166 necessarium
515 2105 582 2180 est,
599 2106 642 2167 ut
667 2094 704 2167 iu
729 2094 830 2167 omni
854 2103 976 2165 motus
992 2116 1099 2189 aquae

50 2203 207 2303 periodo
224 2227 320 2299 aqua
336 2204 500 2279 elevetur
514 2218 552 2279 et
570 2205 736 2280 subsidat
749 2206 797 2279 ad
815 2205 913 2279 idem
930 2205 1040 2278 latus.

101 2318 154 2393 A.
182 2317 258 2391 Sed
280 2341 388 2413 quem
416 2319 455 2391 iu
481 2342 620 2392 oceano
645 2319 787 2391 obicem
811 2318 914 2391 vides
942 2317 1099 2392 similem

51 2431 104 2505 illi
122 2454 232 2528 quern
251 2429 289 2503 iu
305 2431 411 2528 pelve
424 2431 581 2504 statuis?

103 2543 155 2619 B.
183 2543 303 2617 Situm
321 2544 450 2617 oceani
468 2543 593 2641 magui
610 2544 707 2618 nosti
724 2568 769 2617 ex
792 2544 926 2617 tabulis
943 2567 1099 2640 geogra-

51 2657 183 2755 phicis,
199 2669 242 2730 ut
259 2656 355 2729 iuter
370 2656 550 2730 orientem
562 2670 600 2730 et
618 2658 847 2731 occidentem
859 2657 1097 2730 extendatur:

51 2772 187 2868 primo,
215 2771 261 2842 ab
290 2768 397 2843 ludia
419 2769 467 2842 ad
488 2782 633 2867 partem
665 2772 865 2844 australem
893 2771 1097 2854 Amerioae;

52 2883 201 2972 deiude,
219 2907 264 2956 ex
281 2883 398 2956 altera
414 2897 520 2978 parte
539 2883 719 2957 Americae
742 2884 790 2957 ad
816 2883 971 2956 ludium.
1024 2882 1100 2956 lta-

52 3022 124 3094 que
141 2997 175 3071 si
187 3009 287 3071 terra
300 3008 442 3070 motum
455 2997 590 3070 habeat
609 2997 753 3093 qualem
772 2998 958 3094 supposui,
969 3020 1099 3071 nasce-

52 3128 114 3189 tur
136 3114 226 3189 inde
251 3137 379 3187 cursus
404 3138 584 3210 aquarum
610 3117 738 3188 oceani
766 3116 812 3189 ab
841 3115 947 3189 India
971 3137 1097 3188 versus

51 3228 189 3302 fretum
207 3226 518 3323 Megellanicum3
538 3228 638 3324 quod
654 3229 790 3302 fretum
808 3229 940 3302 molem
955 3240 1099 3301 tantam

52 3364 185 3440 capere
203 3364 278 3415 non
295 3352 428 3437 potest.
461 3341 593 3436 ltaque
610 3342 704 3414 obex
723 3343 786 3438 qui
804 3366 951 3415 cursum
970 3341 1100 3415 oceani

53 3454 220 3552 impedit,
237 3466 275 3526 et
290 3477 357 3550 per
370 3453 481 3527 litora
497 3478 689 3551 assurgere
703 3470 741 3528 et
758 3456 919 3529 residere
930 3456 1030 3538 facit,
1042 3466 1099 3527 est

53 3592 136 3665 pars
155 3567 220 3640 illa
237 3566 418 3640 Amerieae
435 3568 618 3640 Australis
636 3592 720 3664 quae
738 3569 984 3664 Magellauico
1002 3568 1098 3640 freto

53 3681 210 3777 adjacet.
262 3678 374 3754 Quod
391 3690 514 3752 autem
533 3679 579 3754 de
606 3680 714 3754 litore
732 3682 913 3755 Americae
941 3681 1098 3753 obverso

53 3795 98 3868 ad
114 3794 308 3869 Orientem
327 3792 415 3881 dixi,
434 3792 712 3889 intelligendum
731 3794 843 3868 etiam
861 3805 916 3866 est
933 3793 978 3865 de
992 3792 1099 3865 litore

51 3932 192 3983 averso.
246 3906 409 4002 Surgeus
423 3920 547 3979 autem
565 3907 612 3979 nd
629 3907 740 3981 litora
752 3907 933 3980 Americae
945 3906 1099 3979 Austra-

51 4021 93 4097 lis
112 4042 290 4108 oeeanus,
308 4042 419 4093 eausa
446 4031 501 4093 est
529 4034 684 4093 aestuum
714 4019 823 4093 maris
852 4018 1043 4108 Atlantici,
1061 4031 1098 4092 et

1139 937 1281 973 ...f-2

1143 996 1277 1041 nanuum

1142 1062 1240 1106 marinis.
