<?xml version="1.0" encoding="UTF-8"?>
<!DOCTYPE html PUBLIC "-//W3C//DTD XHTML 1.0 Transitional//EN"
    "http://www.w3.org/TR/xhtml1/DTD/xhtml1-transitional.dtd">
<html xmlns="http://www.w3.org/1999/xhtml" xml:lang="en" lang="en">
 <head>
  <title>
</title>
<meta http-equiv="Content-Type" content="text/html;charset=utf-8" />
  <meta name='ocr-system' content='tesseract 3.04.00' />
  <meta name='ocr-capabilities' content='ocr_page ocr_carea ocr_par ocr_line ocrx_word'/>
</head>
<body>
  <div class='ocr_page' id='page_1' title='image "./thomhobbesmalme03hobbgoog_0291.png"; bbox 0 0 2618 5092; ppageno 0'>
   <div class='ocr_carea' id='block_1_1' title="bbox 172 641 890 723">
    <p class='ocr_par' dir='ltr' id='par_1_1' title="bbox 172 641 890 723">
     <span class='ocr_line' id='line_1_1' title="bbox 172 641 890 723; baseline -0.01 -11"><span class='ocrx_word' id='word_1_1' title='bbox 172 641 246 723; x_wconf 85' lang='lat'>276</span> <span class='ocrx_word' id='word_1_2' title='bbox 487 653 542 707; x_wconf 82' lang='lat' dir='ltr'>nn</span> <span class='ocrx_word' id='word_1_3' title='bbox 561 652 735 707; x_wconf 75' lang='lat' dir='ltr'>uacuas</span> <span class='ocrx_word' id='word_1_4' title='bbox 751 650 890 705; x_wconf 76' lang='lat' dir='ltr'>snare.</span> 
     </span>
    </p>
   </div>
   <div class='ocr_carea' id='block_1_2' title="bbox 61 816 1231 4404">
    <p class='ocr_par' dir='ltr' id='par_1_2' title="bbox 170 816 1212 1369">
     <span class='ocr_line' id='line_1_2' title="bbox 171 816 1208 917; baseline -0.006 -20"><span class='ocrx_word' id='word_1_5' title='bbox 171 824 341 897; x_wconf 89' lang='lat' dir='ltr'>lauorum</span> <span class='ocrx_word' id='word_1_6' title='bbox 359 818 514 917; x_wconf 85' lang='lat' dir='ltr'>hydriis,</span> <span class='ocrx_word' id='word_1_7' title='bbox 531 841 690 915; x_wconf 77' lang='lat' dir='ltr'>superne</span> <span class='ocrx_word' id='word_1_8' title='bbox 706 816 839 895; x_wconf 82' lang='lat' dir='ltr'>clausis</span> <span class='ocrx_word' id='word_1_9' title='bbox 857 830 897 892; x_wconf 92' lang='lat' dir='ltr'>et</span> <span class='ocrx_word' id='word_1_10' title='bbox 912 818 1053 893; x_wconf 81' lang='lat' dir='ltr'><strong>crebris</strong></span> <span class='ocrx_word' id='word_1_11' title='bbox 1068 816 1208 893; x_wconf 87' lang='lat' dir='ltr'>forami-</span> 
     </span>
     <span class='ocr_line' id='line_1_3' title="bbox 171 932 1210 1031; baseline -0.007 -19"><span class='ocrx_word' id='word_1_12' title='bbox 171 938 280 1011; x_wconf 92' lang='lat' dir='ltr'>nibus</span> <span class='ocrx_word' id='word_1_13' title='bbox 297 934 438 1008; x_wconf 89' lang='lat' dir='ltr'>inferne</span> <span class='ocrx_word' id='word_1_14' title='bbox 460 933 633 1031; x_wconf 85' lang='lat' dir='ltr'>pertusis,</span> <span class='ocrx_word' id='word_1_15' title='bbox 650 956 746 1029; x_wconf 87' lang='lat' dir='ltr'>aqua</span> <span class='ocrx_word' id='word_1_16' title='bbox 772 956 847 1006; x_wconf 92' lang='lat' dir='ltr'>non</span> <span class='ocrx_word' id='word_1_17' title='bbox 864 932 1071 1007; x_wconf 89' lang='lat' dir='ltr'>descendit.</span> <span class='ocrx_word' id='word_1_18' title='bbox 1121 932 1210 1007; x_wconf 87' lang='lat' dir='ltr'>Nan</span> 
     </span>
     <span class='ocr_line' id='line_1_4' title="bbox 170 1046 1211 1143; baseline -0.006 -18"><span class='ocrx_word' id='word_1_19' title='bbox 170 1051 272 1139; x_wconf 88' lang='lat' dir='ltr'>talia,</span> <span class='ocrx_word' id='word_1_20' title='bbox 289 1048 473 1143; x_wconf 88' lang='lat' dir='ltr'>inquiunt,</span> <span class='ocrx_word' id='word_1_21' title='bbox 491 1058 712 1143; x_wconf 81' lang='lat' dir='ltr'>argumenta</span> <span class='ocrx_word' id='word_1_22' title='bbox 733 1046 805 1118; x_wconf 92' lang='lat' dir='ltr'>huc</span> <span class='ocrx_word' id='word_1_23' title='bbox 824 1056 971 1119; x_wconf 87' lang='lat' dir='ltr'>tantum</span> <span class='ocrx_word' id='word_1_24' title='bbox 987 1046 1160 1135; x_wconf 86' lang='lat' dir='ltr'>tendunt,</span> <span class='ocrx_word' id='word_1_25' title='bbox 1173 1060 1211 1119; x_wconf 89' lang='lat' dir='ltr'>ut</span> 
     </span>
     <span class='ocr_line' id='line_1_5' title="bbox 172 1158 1212 1257; baseline -0.004 -20"><span class='ocrx_word' id='word_1_26' title='bbox 172 1163 294 1236; x_wconf 90' lang='lat' dir='ltr'>nullus</span> <span class='ocrx_word' id='word_1_27' title='bbox 312 1161 422 1233; x_wconf 89' lang='lat' dir='ltr'>detur</span> <span class='ocrx_word' id='word_1_28' title='bbox 434 1159 538 1232; x_wconf 90' lang='lat' dir='ltr'>locus</span> <span class='ocrx_word' id='word_1_29' title='bbox 557 1159 596 1232; x_wconf 89' lang='lat' dir='ltr'>in</span> <span class='ocrx_word' id='word_1_30' title='bbox 614 1158 825 1255; x_wconf 82' lang='lat' dir='ltr'>regionibus</span> <span class='ocrx_word' id='word_1_31' title='bbox 837 1159 895 1233; x_wconf 89' lang='lat' dir='ltr'>his</span> <span class='ocrx_word' id='word_1_32' title='bbox 906 1160 1145 1235; x_wconf 87' lang='lat' dir='ltr'>inferioribus</span> <span class='ocrx_word' id='word_1_33' title='bbox 1155 1158 1212 1257; x_wconf 87' lang='lat' dir='ltr'>qui</span> 
     </span>
     <span class='ocr_line' id='line_1_6' title="bbox 172 1270 1105 1369; baseline -0.002 -20"><span class='ocrx_word' id='word_1_34' title='bbox 172 1300 249 1349; x_wconf 91' lang='lat' dir='ltr'>non</span> <span class='ocrx_word' id='word_1_35' title='bbox 269 1275 319 1347; x_wconf 87' lang='lat' dir='ltr'>sit</span> <span class='ocrx_word' id='word_1_36' title='bbox 336 1284 403 1346; x_wconf 89' lang='lat' dir='ltr'>aut</span> <span class='ocrx_word' id='word_1_37' title='bbox 420 1295 573 1368; x_wconf 88' lang='lat' dir='ltr'>corpore</span> <span class='ocrx_word' id='word_1_38' title='bbox 591 1270 726 1344; x_wconf 85' lang='lat' dir='ltr'>visibili</span> <span class='ocrx_word' id='word_1_39' title='bbox 743 1283 809 1345; x_wconf 87' lang='lat' dir='ltr'>aut</span> <span class='ocrx_word' id='word_1_40' title='bbox 824 1295 910 1346; x_wconf 87' lang='lat' dir='ltr'>aere</span> <span class='ocrx_word' id='word_1_41' title='bbox 926 1272 1105 1369; x_wconf 85' lang='lat' dir='ltr'>repletus.</span> 
     </span>
    </p>

    <p class='ocr_par' dir='ltr' id='par_1_3' title="bbox 175 1382 1222 1707">
     <span class='ocr_line' id='line_1_7' title="bbox 223 1382 1216 1482; baseline -0.001 -23"><span class='ocrx_word' id='word_1_42' title='bbox 223 1387 271 1459; x_wconf 83' lang='lat' dir='ltr'>A.</span> <span class='ocrx_word' id='word_1_43' title='bbox 298 1386 419 1458; x_wconf 93' lang='lat' dir='ltr'>Nemo</span> <span class='ocrx_word' id='word_1_44' title='bbox 447 1396 508 1457; x_wconf 87' lang='lat' dir='ltr'>est</span> <span class='ocrx_word' id='word_1_45' title='bbox 530 1406 658 1456; x_wconf 88' lang='lat' dir='ltr'>eorum</span> <span class='ocrx_word' id='word_1_46' title='bbox 684 1406 777 1480; x_wconf 89' lang='lat' dir='ltr'>quos</span> <span class='ocrx_word' id='word_1_47' title='bbox 804 1383 994 1482; x_wconf 71' lang='lat' dir='ltr'>planitias</span> <span class='ocrx_word' id='word_1_48' title='bbox 1018 1408 1141 1474; x_wconf 80' lang='lat' dir='ltr'>vocas,</span> <span class='ocrx_word' id='word_1_49' title='bbox 1158 1382 1216 1481; x_wconf 90' lang='lat' dir='ltr'>qui</span> 
     </span>
     <span class='ocr_line' id='line_1_8' title="bbox 176 1495 1222 1594; baseline -0.006 -19"><span class='ocrx_word' id='word_1_50' title='bbox 176 1524 333 1575; x_wconf 89' lang='lat' dir='ltr'>vacuum</span> <span class='ocrx_word' id='word_1_51' title='bbox 350 1497 458 1570; x_wconf 88' lang='lat' dir='ltr'>aliter</span> <span class='ocrx_word' id='word_1_52' title='bbox 474 1495 649 1591; x_wconf 83' lang='lat' dir='ltr'>intelligit</span> <span class='ocrx_word' id='word_1_53' title='bbox 662 1520 773 1591; x_wconf 87' lang='lat' dir='ltr'>quam</span> <span class='ocrx_word' id='word_1_54' title='bbox 789 1521 858 1592; x_wconf 88' lang='lat' dir='ltr'>pro</span> <span class='ocrx_word' id='word_1_55' title='bbox 875 1498 958 1571; x_wconf 94' lang='lat' dir='ltr'>loco</span> <span class='ocrx_word' id='word_1_56' title='bbox 971 1498 1011 1570; x_wconf 91' lang='lat' dir='ltr'>in</span> <span class='ocrx_word' id='word_1_57' title='bbox 1029 1520 1106 1594; x_wconf 90' lang='lat' dir='ltr'>quo</span> <span class='ocrx_word' id='word_1_58' title='bbox 1123 1495 1222 1570; x_wconf 87' lang='lat' dir='ltr'>nulla.</span> 
     </span>
     <span class='ocr_line' id='line_1_9' title="bbox 175 1608 1217 1707; baseline -0.005 -20"><span class='ocrx_word' id='word_1_59' title='bbox 175 1612 327 1688; x_wconf 90' lang='lat' dir='ltr'>omnino</span> <span class='ocrx_word' id='word_1_60' title='bbox 358 1609 566 1683; x_wconf 88' lang='lat' dir='ltr'>substantia</span> <span class='ocrx_word' id='word_1_61' title='bbox 594 1621 652 1682; x_wconf 87' lang='lat' dir='ltr'>est</span> <span class='ocrx_word' id='word_1_62' title='bbox 684 1633 871 1705; x_wconf 85' lang='lat' dir='ltr'>corporea</span> <span class='ocrx_word' id='word_1_63' title='bbox 924 1610 1078 1707; x_wconf 86' lang='lat' dir='ltr'>Siquis</span> <span class='ocrx_word' id='word_1_64' title='bbox 1107 1608 1217 1707; x_wconf 82' lang='lat' dir='ltr'>negli-</span> 
     </span>
    </p>

    <p class='ocr_par' dir='ltr' id='par_1_4' title="bbox 61 1721 1231 4404">
     <span class='ocr_line' id='line_1_10' title="bbox 61 1721 1218 1823; baseline -0.008 -18"><span class='ocrx_word' id='word_1_65' title='bbox 61 1721 64 1805; x_wconf 52' lang='grc' dir='ltr'>ᾗ</span> <span class='ocrx_word' id='word_1_66' title='bbox 175 1726 322 1823; x_wconf 87' lang='lat' dir='ltr'>gentius</span> <span class='ocrx_word' id='word_1_67' title='bbox 349 1724 523 1820; x_wconf 80' lang='lat' dir='ltr'>loquutus</span> <span class='ocrx_word' id='word_1_68' title='bbox 551 1721 698 1809; x_wconf 85' lang='lat' dir='ltr'>dixerit,</span> <span class='ocrx_word' id='word_1_69' title='bbox 728 1722 767 1796; x_wconf 82' lang='lat' dir='ltr'>ia</span> <span class='ocrx_word' id='word_1_70' title='bbox 796 1748 870 1821; x_wconf 81' lang='lat' dir='ltr'>quo</span> <span class='ocrx_word' id='word_1_71' title='bbox 898 1748 970 1796; x_wconf 82' lang='lat' dir='ltr'>noa</span> <span class='ocrx_word' id='word_1_72' title='bbox 1002 1724 1057 1797; x_wconf 76' lang='lat' dir='ltr'>sit</span> <span class='ocrx_word' id='word_1_73' title='bbox 1091 1746 1218 1821; x_wconf 74' lang='lat' dir='ltr'>corpas</span> 
     </span>
     <span class='ocr_line' id='line_1_11' title="bbox 175 1836 1218 1934; baseline -0.006 -19"><span class='ocrx_word' id='word_1_74' title='bbox 175 1839 321 1915; x_wconf 74' lang='lat' dir='ltr'>visibile</span> <span class='ocrx_word' id='word_1_75' title='bbox 337 1836 395 1909; x_wconf 84' lang='lat' dir='ltr'>cel</span> <span class='ocrx_word' id='word_1_76' title='bbox 410 1859 491 1926; x_wconf 83' lang='lat' dir='ltr'>aer,</span> <span class='ocrx_word' id='word_1_77' title='bbox 509 1836 592 1910; x_wconf 91' lang='lat' dir='ltr'>ideo</span> <span class='ocrx_word' id='word_1_78' title='bbox 615 1836 720 1925; x_wconf 83' lang='lat' dir='ltr'>dixit,</span> <span class='ocrx_word' id='word_1_79' title='bbox 747 1837 834 1932; x_wconf 90' lang='lat' dir='ltr'>quia</span> <span class='ocrx_word' id='word_1_80' title='bbox 858 1861 924 1934; x_wconf 91' lang='lat' dir='ltr'>per</span> <span class='ocrx_word' id='word_1_81' title='bbox 951 1860 1077 1911; x_wconf 89' lang='lat' dir='ltr'>aerem</span> <span class='ocrx_word' id='word_1_82' title='bbox 1104 1847 1218 1911; x_wconf 83' lang='lat' dir='ltr'>totum</span> 
     </span>
     <span class='ocr_line' id='line_1_12' title="bbox 176 1948 1220 2047; baseline -0.006 -19"><span class='ocrx_word' id='word_1_83' title='bbox 176 1952 269 2029; x_wconf 91' lang='lat' dir='ltr'>illud</span> <span class='ocrx_word' id='word_1_84' title='bbox 285 1951 468 2025; x_wconf 86' lang='lat' dir='ltr'>intellexit</span> <span class='ocrx_word' id='word_1_85' title='bbox 486 1974 633 2047; x_wconf 91' lang='lat' dir='ltr'>corpus,</span> <span class='ocrx_word' id='word_1_86' title='bbox 648 1948 748 2045; x_wconf 91' lang='lat' dir='ltr'>quod</span> <span class='ocrx_word' id='word_1_87' title='bbox 765 1961 900 2045; x_wconf 85' lang='lat' dir='ltr'>praeter</span> <span class='ocrx_word' id='word_1_88' title='bbox 916 1961 1057 2023; x_wconf 84' lang='lat' dir='ltr'>terram</span> <span class='ocrx_word' id='word_1_89' title='bbox 1074 1960 1114 2023; x_wconf 91' lang='lat' dir='ltr'>et</span> <span class='ocrx_word' id='word_1_90' title='bbox 1126 1961 1220 2024; x_wconf 89' lang='lat' dir='ltr'>astra</span> 
     </span>
     <span class='ocr_line' id='line_1_13' title="bbox 178 2062 1220 2161; baseline -0.004 -22"><span class='ocrx_word' id='word_1_91' title='bbox 178 2066 362 2161; x_wconf 90' lang='lat' dir='ltr'>reliquum</span> <span class='ocrx_word' id='word_1_92' title='bbox 392 2064 553 2160; x_wconf 89' lang='lat' dir='ltr'>spatium</span> <span class='ocrx_word' id='word_1_93' title='bbox 582 2084 691 2136; x_wconf 89' lang='lat' dir='ltr'>omne</span> <span class='ocrx_word' id='word_1_94' title='bbox 715 2062 887 2158; x_wconf 85' lang='lat' dir='ltr'>complet.</span> <span class='ocrx_word' id='word_1_95' title='bbox 951 2062 1040 2137; x_wconf 87' lang='lat' dir='ltr'>Illos</span> <span class='ocrx_word' id='word_1_96' title='bbox 1068 2064 1133 2161; x_wconf 92' lang='lat' dir='ltr'>qui</span> <span class='ocrx_word' id='word_1_97' title='bbox 1155 2063 1220 2135; x_wconf 90' lang='lat' dir='ltr'>hoc</span> 
     </span>
     <span class='ocr_line' id='line_1_14' title="bbox 178 2173 1221 2275; baseline -0.004 -23"><span class='ocrx_word' id='word_1_98' title='bbox 178 2192 330 2275; x_wconf 83' lang='lat' dir='ltr'>negant,</span> <span class='ocrx_word' id='word_1_99' title='bbox 358 2176 612 2251; x_wconf 86' lang='lat' dir='ltr'>annaliorum</span> <span class='ocrx_word' id='word_1_100' title='bbox 640 2175 843 2249; x_wconf 89' lang='lat' dir='ltr'>sententias</span> <span class='ocrx_word' id='word_1_101' title='bbox 872 2176 1033 2251; x_wconf 81' lang='lat' dir='ltr'>arbitror</span> <span class='ocrx_word' id='word_1_102' title='bbox 1061 2173 1221 2251; x_wconf 87' lang='lat' dir='ltr'>animad-</span> 
     </span>
     <span class='ocr_line' id='line_1_15' title="bbox 178 2287 1222 2385; baseline -0.004 -20"><span class='ocrx_word' id='word_1_103' title='bbox 178 2292 344 2379; x_wconf 86' lang='lat' dir='ltr'>vertisse,</span> <span class='ocrx_word' id='word_1_104' title='bbox 370 2289 528 2385; x_wconf 89' lang='lat' dir='ltr'>propriis</span> <span class='ocrx_word' id='word_1_105' title='bbox 553 2288 732 2361; x_wconf 91' lang='lat' dir='ltr'>intentos.</span> <span class='ocrx_word' id='word_1_106' title='bbox 785 2287 860 2361; x_wconf 78' lang='lat' dir='ltr'>Qui</span> <span class='ocrx_word' id='word_1_107' title='bbox 881 2311 948 2385; x_wconf 92' lang='lat' dir='ltr'>per</span> <span class='ocrx_word' id='word_1_108' title='bbox 973 2288 1139 2362; x_wconf 85' lang='lat' dir='ltr'>fistulam</span> <span class='ocrx_word' id='word_1_109' title='bbox 1163 2310 1222 2361; x_wconf 92' lang='lat' dir='ltr'>ore</span> 
     </span>
     <span class='ocr_line' id='line_1_16' title="bbox 179 2400 1222 2499; baseline -0.003 -23"><span class='ocrx_word' id='word_1_110' title='bbox 179 2428 314 2499; x_wconf 89' lang='lat' dir='ltr'>aquam</span> <span class='ocrx_word' id='word_1_111' title='bbox 332 2403 445 2498; x_wconf 86' lang='lat' dir='ltr'>sugit,</span> <span class='ocrx_word' id='word_1_112' title='bbox 463 2426 585 2474; x_wconf 91' lang='lat' dir='ltr'>aerem</span> <span class='ocrx_word' id='word_1_113' title='bbox 603 2400 765 2473; x_wconf 91' lang='lat' dir='ltr'>medium</span> <span class='ocrx_word' id='word_1_114' title='bbox 785 2400 887 2496; x_wconf 87' lang='lat' dir='ltr'>prius</span> <span class='ocrx_word' id='word_1_115' title='bbox 911 2401 1023 2496; x_wconf 82' lang='lat' dir='ltr'>sugit,</span> <span class='ocrx_word' id='word_1_116' title='bbox 1050 2425 1128 2497; x_wconf 91' lang='lat' dir='ltr'>quo</span> <span class='ocrx_word' id='word_1_117' title='bbox 1155 2402 1222 2474; x_wconf 78' lang='lat' dir='ltr'>dis</span> 
     </span>
     <span class='ocr_line' id='line_1_17' title="bbox 180 2515 1221 2610; baseline 0 -23"><span class='ocrx_word' id='word_1_118' title='bbox 180 2528 305 2589; x_wconf 88' lang='lat' dir='ltr'>tentus</span> <span class='ocrx_word' id='word_1_119' title='bbox 341 2539 464 2588; x_wconf 91' lang='lat' dir='ltr'>aerem</span> <span class='ocrx_word' id='word_1_120' title='bbox 498 2527 693 2587; x_wconf 90' lang='lat' dir='ltr'>externum</span> <span class='ocrx_word' id='word_1_121' title='bbox 723 2527 913 2587; x_wconf 85' lang='lat' dir='ltr'>removet:</span> <span class='ocrx_word' id='word_1_122' title='bbox 953 2515 1017 2610; x_wconf 89' lang='lat' dir='ltr'>qui</span> <span class='ocrx_word' id='word_1_123' title='bbox 1051 2528 1221 2603; x_wconf 90' lang='lat' dir='ltr'>remotus,</span> 
     </span>
     <span class='ocr_line' id='line_1_18' title="bbox 180 2627 1223 2723; baseline -0.003 -21"><span class='ocrx_word' id='word_1_124' title='bbox 180 2629 303 2702; x_wconf 92' lang='lat' dir='ltr'>locum</span> <span class='ocrx_word' id='word_1_125' title='bbox 324 2628 376 2720; x_wconf 91' lang='lat' dir='ltr'>(in</span> <span class='ocrx_word' id='word_1_126' title='bbox 388 2628 513 2723; x_wconf 88' lang='lat' dir='ltr'>pleno)</span> <span class='ocrx_word' id='word_1_127' title='bbox 534 2629 670 2701; x_wconf 91' lang='lat' dir='ltr'>habere</span> <span class='ocrx_word' id='word_1_128' title='bbox 688 2627 758 2700; x_wconf 90' lang='lat' dir='ltr'>nisi</span> <span class='ocrx_word' id='word_1_129' title='bbox 776 2629 984 2723; x_wconf 89' lang='lat' dir='ltr'>proximum</span> <span class='ocrx_word' id='word_1_130' title='bbox 1002 2628 1223 2702; x_wconf 88' lang='lat' dir='ltr'>removendo</span> 
     </span>
     <span class='ocr_line' id='line_1_19' title="bbox 181 2740 1224 2838; baseline 0 -24"><span class='ocrx_word' id='word_1_131' title='bbox 181 2764 258 2814; x_wconf 90' lang='lat' dir='ltr'>non</span> <span class='ocrx_word' id='word_1_132' title='bbox 276 2752 419 2835; x_wconf 88' lang='lat' dir='ltr'>potest:</span> <span class='ocrx_word' id='word_1_133' title='bbox 447 2752 484 2812; x_wconf 91' lang='lat' dir='ltr'>et</span> <span class='ocrx_word' id='word_1_134' title='bbox 502 2741 555 2813; x_wconf 90' lang='lat' dir='ltr'>sic</span> <span class='ocrx_word' id='word_1_135' title='bbox 572 2740 750 2814; x_wconf 87' lang='lat' dir='ltr'>continua</span> <span class='ocrx_word' id='word_1_136' title='bbox 774 2740 940 2836; x_wconf 92' lang='lat' dir='ltr'>pulsione</span> <span class='ocrx_word' id='word_1_137' title='bbox 964 2766 1063 2838; x_wconf 89' lang='lat' dir='ltr'>aqua</span> <span class='ocrx_word' id='word_1_138' title='bbox 1079 2742 1224 2816; x_wconf 88' lang='lat' dir='ltr'>tandem</span> 
     </span>
     <span class='ocr_line' id='line_1_20' title="bbox 180 2853 1225 2953; baseline 0.002 -27"><span class='ocrx_word' id='word_1_139' title='bbox 180 2853 331 2949; x_wconf 92' lang='lat' dir='ltr'>pellitur</span> <span class='ocrx_word' id='word_1_140' title='bbox 348 2853 388 2926; x_wconf 91' lang='lat' dir='ltr'>in</span> <span class='ocrx_word' id='word_1_141' title='bbox 412 2854 585 2943; x_wconf 90' lang='lat' dir='ltr'>fistulam,</span> <span class='ocrx_word' id='word_1_142' title='bbox 603 2854 840 2951; x_wconf 85' lang='lat' dir='ltr'>succeditque</span> <span class='ocrx_word' id='word_1_143' title='bbox 858 2855 934 2928; x_wconf 89' lang='lat' dir='ltr'>aeri</span> <span class='ocrx_word' id='word_1_144' title='bbox 960 2857 1024 2952; x_wconf 86' lang='lat' dir='ltr'>qui</span> <span class='ocrx_word' id='word_1_145' title='bbox 1045 2856 1225 2953; x_wconf 86' lang='lat' dir='ltr'>exugitur.</span> 
     </span>
     <span class='ocr_line' id='line_1_21' title="bbox 182 2966 1227 3066; baseline 0.001 -26"><span class='ocrx_word' id='word_1_146' title='bbox 182 2967 228 3040; x_wconf 93' lang='lat' dir='ltr'>ln</span> <span class='ocrx_word' id='word_1_147' title='bbox 245 2966 385 3062; x_wconf 84' lang='lat' dir='ltr'>hydriis</span> <span class='ocrx_word' id='word_1_148' title='bbox 402 2978 526 3040; x_wconf 89' lang='lat' dir='ltr'>autem</span> <span class='ocrx_word' id='word_1_149' title='bbox 544 2968 739 3063; x_wconf 86' lang='lat' dir='ltr'>perforatis</span> <span class='ocrx_word' id='word_1_150' title='bbox 760 2967 843 3040; x_wconf 93' lang='lat' dir='ltr'>ideo</span> <span class='ocrx_word' id='word_1_151' title='bbox 863 2969 979 3042; x_wconf 91' lang='lat' dir='ltr'>haeret</span> <span class='ocrx_word' id='word_1_152' title='bbox 1006 2993 1117 3066; x_wconf 88' lang='lat' dir='ltr'>aqua,</span> <span class='ocrx_word' id='word_1_153' title='bbox 1147 2970 1227 3065; x_wconf 91' lang='lat' dir='ltr'>quia</span> 
     </span>
     <span class='ocr_line' id='line_1_22' title="bbox 182 3080 1228 3180; baseline 0.003 -27"><span class='ocrx_word' id='word_1_154' title='bbox 182 3104 266 3176; x_wconf 84' lang='lat' dir='ltr'>quae</span> <span class='ocrx_word' id='word_1_155' title='bbox 294 3103 361 3175; x_wconf 87' lang='lat' dir='ltr'>per</span> <span class='ocrx_word' id='word_1_156' title='bbox 389 3081 575 3153; x_wconf 89' lang='lat' dir='ltr'>tantillum</span> <span class='ocrx_word' id='word_1_157' title='bbox 602 3080 769 3155; x_wconf 85' lang='lat' dir='ltr'>foramen</span> <span class='ocrx_word' id='word_1_158' title='bbox 797 3082 948 3155; x_wconf 83' lang='lat' dir='ltr'>exiturit</span> <span class='ocrx_word' id='word_1_159' title='bbox 974 3083 1070 3156; x_wconf 90' lang='lat' dir='ltr'>adeo</span> <span class='ocrx_word' id='word_1_160' title='bbox 1101 3085 1228 3180; x_wconf 83' lang='lat' dir='ltr'>exigua</span> 
     </span>
     <span class='ocr_line' id='line_1_23' title="bbox 182 3192 1227 3288; baseline 0.002 -22"><span class='ocrx_word' id='word_1_161' title='bbox 182 3205 251 3279; x_wconf 87' lang='lat' dir='ltr'>est,</span> <span class='ocrx_word' id='word_1_162' title='bbox 264 3206 307 3265; x_wconf 89' lang='lat' dir='ltr'>ut</span> <span class='ocrx_word' id='word_1_163' title='bbox 321 3216 395 3265; x_wconf 90' lang='lat' dir='ltr'>uon</span> <span class='ocrx_word' id='word_1_164' title='bbox 413 3193 528 3288; x_wconf 90' lang='lat' dir='ltr'>possit</span> <span class='ocrx_word' id='word_1_165' title='bbox 545 3193 598 3266; x_wconf 90' lang='lat' dir='ltr'>ita</span> <span class='ocrx_word' id='word_1_166' title='bbox 614 3194 652 3265; x_wconf 91' lang='lat' dir='ltr'>in</span> <span class='ocrx_word' id='word_1_167' title='bbox 670 3192 940 3287; x_wconf 88' lang='lat' dir='ltr'>longitudinem</span> <span class='ocrx_word' id='word_1_168' title='bbox 958 3218 997 3266; x_wconf 89' lang='lat' dir='ltr'>se</span> <span class='ocrx_word' id='word_1_169' title='bbox 1013 3195 1227 3285; x_wconf 86' lang='lat' dir='ltr'>diffundere,</span> 
     </span>
     <span class='ocr_line' id='line_1_24' title="bbox 182 3303 1229 3401; baseline 0.004 -23"><span class='ocrx_word' id='word_1_170' title='bbox 182 3320 227 3378; x_wconf 91' lang='lat' dir='ltr'>ut</span> <span class='ocrx_word' id='word_1_171' title='bbox 245 3304 502 3378; x_wconf 86' lang='lat' dir='ltr'>descendendo</span> <span class='ocrx_word' id='word_1_172' title='bbox 520 3305 664 3378; x_wconf 89' lang='lat' dir='ltr'>aditum</span> <span class='ocrx_word' id='word_1_173' title='bbox 684 3305 759 3376; x_wconf 91' lang='lat' dir='ltr'>aeri</span> <span class='ocrx_word' id='word_1_174' title='bbox 782 3303 894 3378; x_wconf 90' lang='lat' dir='ltr'>faciat</span> <span class='ocrx_word' id='word_1_175' title='bbox 917 3331 983 3401; x_wconf 92' lang='lat' dir='ltr'>per</span> <span class='ocrx_word' id='word_1_176' title='bbox 1009 3307 1229 3382; x_wconf 85' lang='lat' dir='ltr'>foraminum</span> 
     </span>
     <span class='ocr_line' id='line_1_25' title="bbox 184 3416 1229 3519; baseline 0.004 -28"><span class='ocrx_word' id='word_1_177' title='bbox 184 3416 521 3503; x_wconf 81' lang='lat' dir='ltr'>circumferentias3</span> <span class='ocrx_word' id='word_1_178' title='bbox 549 3441 668 3514; x_wconf 90' lang='lat' dir='ltr'>neque</span> <span class='ocrx_word' id='word_1_179' title='bbox 686 3441 749 3490; x_wconf 87' lang='lat' dir='ltr'>aer</span> <span class='ocrx_word' id='word_1_180' title='bbox 763 3419 809 3491; x_wconf 92' lang='lat' dir='ltr'>ab</span> <span class='ocrx_word' id='word_1_181' title='bbox 828 3432 985 3493; x_wconf 92' lang='lat' dir='ltr'>exeunte</span> <span class='ocrx_word' id='word_1_182' title='bbox 997 3444 1097 3517; x_wconf 87' lang='lat' dir='ltr'>aqua</span> <span class='ocrx_word' id='word_1_183' title='bbox 1109 3423 1229 3519; x_wconf 86' lang='lat' dir='ltr'>pulsus</span> 
     </span>
     <span class='ocr_line' id='line_1_26' title="bbox 184 3529 1230 3632; baseline 0.009 -31"><span class='ocrx_word' id='word_1_184' title='bbox 184 3529 307 3603; x_wconf 88' lang='lat' dir='ltr'>locum</span> <span class='ocrx_word' id='word_1_185' title='bbox 325 3530 438 3603; x_wconf 88' lang='lat' dir='ltr'>alium</span> <span class='ocrx_word' id='word_1_186' title='bbox 459 3533 512 3624; x_wconf 86' lang='lat' dir='ltr'>(in</span> <span class='ocrx_word' id='word_1_187' title='bbox 532 3532 671 3604; x_wconf 89' lang='lat' dir='ltr'>mundo</span> <span class='ocrx_word' id='word_1_188' title='bbox 688 3531 814 3626; x_wconf 91' lang='lat' dir='ltr'>pleno)</span> <span class='ocrx_word' id='word_1_189' title='bbox 831 3533 966 3605; x_wconf 90' lang='lat' dir='ltr'>habere</span> <span class='ocrx_word' id='word_1_190' title='bbox 983 3547 1122 3629; x_wconf 87' lang='lat' dir='ltr'>potest,</span> <span class='ocrx_word' id='word_1_191' title='bbox 1140 3560 1230 3632; x_wconf 83' lang='lat' dir='ltr'>prae·</span> 
     </span>
     <span class='ocr_line' id='line_1_27' title="bbox 183 3646 1230 3743; baseline 0.007 -28"><span class='ocrx_word' id='word_1_192' title='bbox 183 3654 354 3735; x_wconf 89' lang='lat' dir='ltr'>terquam</span> <span class='ocrx_word' id='word_1_193' title='bbox 372 3667 481 3738; x_wconf 92' lang='lat' dir='ltr'>quem</span> <span class='ocrx_word' id='word_1_194' title='bbox 499 3670 593 3741; x_wconf 84' lang='lat' dir='ltr'>aqua</span> <span class='ocrx_word' id='word_1_195' title='bbox 612 3646 767 3718; x_wconf 86' lang='lat' dir='ltr'>deseret.</span> <span class='ocrx_word' id='word_1_196' title='bbox 830 3646 941 3719; x_wconf 88' lang='lat' dir='ltr'>Vides</span> <span class='ocrx_word' id='word_1_197' title='bbox 969 3671 1060 3743; x_wconf 85' lang='lat' dir='ltr'>ergo</span> <span class='ocrx_word' id='word_1_198' title='bbox 1086 3674 1230 3724; x_wconf 89' lang='lat' dir='ltr'>causam</span> 
     </span>
     <span class='ocr_line' id='line_1_28' title="bbox 184 3756 1230 3858; baseline 0.006 -30"><span class='ocrx_word' id='word_1_199' title='bbox 184 3756 392 3828; x_wconf 83' lang='lat' dir='ltr'>naturalem</span> <span class='ocrx_word' id='word_1_200' title='bbox 410 3771 489 3829; x_wconf 88' lang='lat' dir='ltr'>tum</span> <span class='ocrx_word' id='word_1_201' title='bbox 507 3758 730 3831; x_wconf 84' lang='lat' dir='ltr'>ascensionis</span> <span class='ocrx_word' id='word_1_202' title='bbox 747 3783 853 3855; x_wconf 87' lang='lat' dir='ltr'>aquae</span> <span class='ocrx_word' id='word_1_203' title='bbox 875 3760 912 3832; x_wconf 89' lang='lat' dir='ltr'>iu</span> <span class='ocrx_word' id='word_1_204' title='bbox 930 3761 1056 3834; x_wconf 87' lang='lat' dir='ltr'>fistula</span> <span class='ocrx_word' id='word_1_205' title='bbox 1072 3787 1142 3858; x_wconf 88' lang='lat' dir='ltr'>per</span> <span class='ocrx_word' id='word_1_206' title='bbox 1158 3786 1230 3835; x_wconf 89' lang='lat' dir='ltr'>suc·</span> 
     </span>
     <span class='ocr_line' id='line_1_29' title="bbox 184 3869 1229 3974; baseline 0.011 -35"><span class='ocrx_word' id='word_1_207' title='bbox 184 3869 338 3957; x_wconf 88' lang='lat' dir='ltr'>tionem,</span> <span class='ocrx_word' id='word_1_208' title='bbox 353 3881 433 3942; x_wconf 89' lang='lat' dir='ltr'>tum</span> <span class='ocrx_word' id='word_1_209' title='bbox 449 3871 793 3946; x_wconf 85' lang='lat' dir='ltr'>non-descensionis</span> <span class='ocrx_word' id='word_1_210' title='bbox 806 3897 872 3968; x_wconf 90' lang='lat' dir='ltr'>per</span> <span class='ocrx_word' id='word_1_211' title='bbox 887 3874 1072 3949; x_wconf 84' lang='lat' dir='ltr'>foramina</span> <span class='ocrx_word' id='word_1_212' title='bbox 1082 3877 1229 3974; x_wconf 87' lang='lat' dir='ltr'>hydriae.</span> 
     </span>
     <span class='ocr_line' id='line_1_30' title="bbox 184 3980 1230 4084; baseline 0.009 -31"><span class='ocrx_word' id='word_1_213' title='bbox 184 3980 298 4054; x_wconf 89' lang='lat' dir='ltr'>Vides</span> <span class='ocrx_word' id='word_1_214' title='bbox 322 3983 434 4055; x_wconf 89' lang='lat' dir='ltr'>etiam</span> <span class='ocrx_word' id='word_1_215' title='bbox 461 4010 570 4081; x_wconf 89' lang='lat' dir='ltr'>quam</span> <span class='ocrx_word' id='word_1_216' title='bbox 599 3988 766 4083; x_wconf 89' lang='lat' dir='ltr'>ineptum</span> <span class='ocrx_word' id='word_1_217' title='bbox 796 3988 843 4061; x_wconf 88' lang='lat' dir='ltr'>sit</span> <span class='ocrx_word' id='word_1_218' title='bbox 872 3987 919 4059; x_wconf 92' lang='lat' dir='ltr'>ad</span> <span class='ocrx_word' id='word_1_219' title='bbox 950 3989 1230 4084; x_wconf 86' lang='lat' dir='ltr'>explicationem</span> 
     </span>
     <span class='ocr_line' id='line_1_31' title="bbox 183 4096 1231 4198; baseline 0.007 -29"><span class='ocrx_word' id='word_1_220' title='bbox 183 4096 384 4169; x_wconf 87' lang='lat' dir='ltr'>effectuum</span> <span class='ocrx_word' id='word_1_221' title='bbox 401 4097 531 4170; x_wconf 91' lang='lat' dir='ltr'>talium</span> <span class='ocrx_word' id='word_1_222' title='bbox 555 4100 737 4173; x_wconf 85' lang='lat' dir='ltr'>advocare</span> <span class='ocrx_word' id='word_1_223' title='bbox 762 4103 875 4173; x_wconf 89' lang='lat' dir='ltr'>verba</span> <span class='ocrx_word' id='word_1_224' title='bbox 899 4103 1167 4198; x_wconf 89' lang='lat' dir='ltr'>metaphorica,</span> <span class='ocrx_word' id='word_1_225' title='bbox 1193 4114 1231 4176; x_wconf 91' lang='lat' dir='ltr'>ut</span> 
     </span>
     <span class='ocr_line' id='line_1_32' title="bbox 168 4208 1231 4311; baseline 0.007 -29"><span class='ocrx_word' id='word_1_226' title='bbox 168 4208 318 4306; x_wconf 83' lang='lat' dir='ltr'>sugam</span> <span class='ocrx_word' id='word_1_227' title='bbox 343 4211 461 4300; x_wconf 81' lang='lat' dir='ltr'>uacui,</span> <span class='ocrx_word' id='word_1_228' title='bbox 488 4212 679 4285; x_wconf 79' lang='lat' dir='ltr'>horrorem</span> <span class='ocrx_word' id='word_1_229' title='bbox 700 4224 856 4303; x_wconf 78' lang='lat' dir='ltr'>natura,</span> <span class='ocrx_word' id='word_1_230' title='bbox 875 4223 967 4286; x_wconf 79' lang='lat' dir='ltr'>etc:</span> <span class='ocrx_word' id='word_1_231' title='bbox 995 4217 1132 4311; x_wconf 89' lang='lat' dir='ltr'>quibus</span> <span class='ocrx_word' id='word_1_232' title='bbox 1150 4219 1231 4292; x_wconf 93' lang='lat' dir='ltr'>olim</span> 
     </span>
     <span class='ocr_line' id='line_1_33' title="bbox 184 4322 1231 4404; baseline 0.005 -7"><span class='ocrx_word' id='word_1_233' title='bbox 184 4322 234 4397; x_wconf 90' lang='lat' dir='ltr'>ad</span> <span class='ocrx_word' id='word_1_234' title='bbox 248 4322 560 4397; x_wconf 85' lang='lat' dir='ltr'>existimationem</span> <span class='ocrx_word' id='word_1_235' title='bbox 578 4350 680 4398; x_wconf 89' lang='lat' dir='ltr'>suam</span> <span class='ocrx_word' id='word_1_236' title='bbox 694 4327 870 4399; x_wconf 89' lang='lat' dir='ltr'>tuendam</span> <span class='ocrx_word' id='word_1_237' title='bbox 888 4351 964 4400; x_wconf 85' lang='lat' dir='ltr'>usae</span> <span class='ocrx_word' id='word_1_238' title='bbox 981 4341 1071 4402; x_wconf 91' lang='lat' dir='ltr'>sunt</span> <span class='ocrx_word' id='word_1_239' title='bbox 1088 4331 1231 4404; x_wconf 73' lang='lat' dir='ltr'>scholae.</span> 
     </span>
    </p>
   </div>
   <div class='ocr_carea' id='block_1_3' title="bbox 183 4433 1231 4763">
    <p class='ocr_par' dir='ltr' id='par_1_5' title="bbox 183 4433 1231 4763">
     <span class='ocr_line' id='line_1_34' title="bbox 239 4433 1231 4535; baseline 0.011 -30"><span class='ocrx_word' id='word_1_240' title='bbox 239 4433 288 4507; x_wconf 91' lang='lat' dir='ltr'>B.</span> <span class='ocrx_word' id='word_1_241' title='bbox 316 4436 591 4510; x_wconf 82' lang='lat' dir='ltr'>Phaenomenon</span> <span class='ocrx_word' id='word_1_242' title='bbox 616 4439 765 4535; x_wconf 91' lang='lat' dir='ltr'>quidem</span> <span class='ocrx_word' id='word_1_243' title='bbox 795 4440 895 4513; x_wconf 90' lang='lat' dir='ltr'>circa</span> <span class='ocrx_word' id='word_1_244' title='bbox 923 4465 1081 4514; x_wconf 92' lang='lat' dir='ltr'>vacuum</span> <span class='ocrx_word' id='word_1_245' title='bbox 1109 4466 1231 4516; x_wconf 86' lang='lat' dir='ltr'>causas</span> 
     </span>
     <span class='ocr_line' id='line_1_35' title="bbox 183 4551 1230 4646; baseline 0.008 -25"><span class='ocrx_word' id='word_1_246' title='bbox 183 4558 287 4621; x_wconf 92' lang='lat' dir='ltr'>recte</span> <span class='ocrx_word' id='word_1_247' title='bbox 313 4574 337 4622; x_wconf 89' lang='lat' dir='ltr'>u</span> <span class='ocrx_word' id='word_1_248' title='bbox 366 4559 403 4619; x_wconf 89' lang='lat' dir='ltr'>te</span> <span class='ocrx_word' id='word_1_249' title='bbox 432 4551 637 4646; x_wconf 82' lang='lat' dir='ltr'>assignatas</span> <span class='ocrx_word' id='word_1_250' title='bbox 665 4576 743 4625; x_wconf 87' lang='lat' dir='ltr'>esse</span> <span class='ocrx_word' id='word_1_251' title='bbox 774 4553 896 4627; x_wconf 90' lang='lat' dir='ltr'>credo.</span> <span class='ocrx_word' id='word_1_252' title='bbox 964 4554 1080 4628; x_wconf 77' lang='lat' dir='ltr'>Quod</span> <span class='ocrx_word' id='word_1_253' title='bbox 1112 4569 1230 4629; x_wconf 91' lang='lat' dir='ltr'>autem</span> 
     </span>
     <span class='ocr_line' id='line_1_36' title="bbox 183 4659 1229 4763; baseline 0.01 -30"><span class='ocrx_word' id='word_1_254' title='bbox 183 4659 372 4735; x_wconf 89' lang='lat' dir='ltr'>neminem</span> <span class='ocrx_word' id='word_1_255' title='bbox 393 4685 472 4738; x_wconf 86' lang='lat' dir='ltr'>esse</span> <span class='ocrx_word' id='word_1_256' title='bbox 491 4664 591 4738; x_wconf 91' lang='lat' dir='ltr'>dicas</span> <span class='ocrx_word' id='word_1_257' title='bbox 609 4665 671 4760; x_wconf 91' lang='lat' dir='ltr'>qui</span> <span class='ocrx_word' id='word_1_258' title='bbox 695 4689 762 4763; x_wconf 87' lang='lat' dir='ltr'>per</span> <span class='ocrx_word' id='word_1_259' title='bbox 781 4691 935 4740; x_wconf 90' lang='lat' dir='ltr'>vacuum</span> <span class='ocrx_word' id='word_1_260' title='bbox 954 4667 1139 4743; x_wconf 87' lang='lat' dir='ltr'>intellexit</span> <span class='ocrx_word' id='word_1_261' title='bbox 1156 4691 1229 4743; x_wconf 89' lang='lat' dir='ltr'>cor·</span> 
     </span>
    </p>
   </div>
   <div class='ocr_carea' id='block_1_4' title="bbox 0 0 1332 5092">
    <p class='ocr_par' dir='ltr' id='par_1_6' title="bbox 0 0 1332 5092">
     <span class='ocr_line' id='line_1_37' title="bbox 0 0 1332 5092; baseline 0 0"><span class='ocrx_word' id='word_1_262' title='bbox 0 0 1332 5092; x_wconf 95' lang='lat' dir='ltr'> </span> 
     </span>
    </p>
   </div>
  </div>
 </body>
</html>
