2618 5092
1288 506 1292 545 i

1288 550 1292 593 l

1289 672 1292 685 Ι

231 682 301 750 158
440 696 710 750 nxsnrnarro
731 696 782 749 nr
799 695 1050 751 sunnonem

47 888 191 929 annosus
227 864 408 939 Euclides.
453 864 554 941 Quid
570 864 669 939 enim
687 864 782 938 ratio
797 862 899 937 aliud
915 874 984 953 est,
997 884 1108 960 quam
1122 861 1245 959 magni·

47 970 185 1071 ..IL
226 978 318 1052 tudo
351 978 460 1052 unius
490 976 716 1075 quantitatis,
744 989 927 1075 quatenus
956 976 1005 1051 ad
1029 974 1138 1053 aliam
1163 998 1246 1051 con·

225 1092 401 1188 paratur?

275 1203 322 1277 B.
351 1204 465 1277 Nihil.

276 1314 322 1389 A.
351 1318 424 1390 Sed
437 1317 520 1390 vide
532 1317 687 1391 Wullisii
704 1340 814 1413 super
829 1315 910 1389 haec
924 1314 1132 1391 scholiasta
1143 1316 1249 1405 verte,

227 1430 356 1502 Latine
386 1431 432 1503 ab
461 1430 541 1526 ipso
566 1452 684 1519 versa,
713 1428 968 1503 subtilitatem.
1031 1428 1156 1503 Verba
1180 1438 1251 1503 sunt

226 1543 327 1616 haec:
354 1552 412 1615 est
428 1552 552 1616 autem
565 1542 656 1633 alio,
671 1568 751 1641 qum
762 1541 904 1616 dicitur
919 1540 1059 1616 relatio
1071 1542 1252 1617 secudu

225 1683 413 1732 excessum
431 1669 468 1733 et
486 1659 681 1757 defectum.

274 1773 323 1846 B.
352 1773 478 1848 Quid?
528 1773 660 1847 Aliane
676 1771 786 1861 ratio,
804 1794 852 1844 an
873 1769 947 1844 alia
962 1770 1121 1847 relatio?

274 1884 320 1958 Α.
347 1900 421 1969 ἄλλη
444 1900 552 1977 σχέσις,
574 1884 613 1959 ld
630 1897 700 1975 est,
717 1884 799 1959 alla
814 1882 1003 1958 habitudo.

275 1997 322 2072 B.
349 2000 424 2072 Cur
441 2022 531 2095 crgo
552 2022 629 2072 non
656 1996 769 2072 vertit
790 2020 857 2093 per
881 1996 961 2071 alia
984 1995 1175 2088 Ᾰαῦἱιιιάο,
1203 1994 1258 2071 sed

225 2135 292 2208 per
309 2111 390 2186 alin
407 2111 580 2186 relatio?

278 2227 327 2299 A.
355 2227 454 2302 Quia
480 2226 589 2314 ratio,
612 2249 695 2322 quae
721 2224 781 2298 hic
805 2224 985 2314 innuitur,
998 2247 1044 2297 es
1070 2235 1129 2299 cst
1160 2248 1260 2321 quam

225 2340 337 2435 vulgo
355 2350 490 2414 vocant
507 2340 688 2412 rationem
716 2337 999 2427 arithmeticam,
1015 2362 1127 2434 quam
1144 2338 1260 2412 Walli·

227 2453 301 2526 sius
324 2466 437 2548 negat
467 2453 767 2526 assecutionem.
820 2451 949 2548 Itaque
980 2452 1092 2526 homo
1115 2453 1262 2541 subtilis,

227 2567 420 2638 sentcntiae
438 2590 514 2639 snae
532 2566 795 2639 convenienter
821 2564 943 2638 locum
960 2577 1122 2654 vertens,
1141 2567 1264 2640 maluit

227 2679 441 2752 relationem
460 2678 582 2752 dicere
600 2702 710 2775 quam
727 2677 990 2767 laditudinem,
1015 2702 1099 2776 quae
1116 2703 1190 2753 vox
1214 2690 1264 2752 est

229 2793 267 2865 in
287 2792 501 2865 definitione
515 2792 681 2865 rationis.
716 2791 858 2865 Deinde
869 2792 980 2888 paulo
995 2791 1103 2879 infra,
1114 2792 1265 2888 praeviso

226 2906 327 3001 quod
355 2930 430 2978 non
459 2906 582 3001 inepte
610 2929 775 3001 quaerere
802 2905 884 3000 quis
901 2917 1037 3001 posset,
1056 2930 1107 2977 aa
1124 2904 1217 2978 insit
1232 2904 1267 2977 iu

227 3018 373 3090 ratione
388 3017 559 3115 qualitas
577 3019 734 3116 aliqum
759 3018 971 3114 respondet,
989 3027 1031 3089 nt
1048 3019 1266 3116 figurarunt

226 3129 442 3228 magnitudo
459 3130 514 3203 ad
531 3131 777 3227 quantitatem
802 3140 965 3226 spectat,
979 3129 1036 3202 ita
1051 3131 1267 3229 figurarum

225 3245 371 3342 species
400 3253 549 3342 spectat
581 3243 635 3315 ael
661 3242 892 3340 qualitatem.
952 3243 1069 3317 Quasi
1097 3243 1200 3316 aliud
1232 3244 1268 3316 in

226 3358 353 3453 figuris
368 3368 625 3451 compararent
641 3367 841 3451 geometres
858 3367 994 3452 praeter
1017 3357 1267 3451 quantitstcs;

226 3481 291 3542 aut
308 3482 404 3542 esset
421 3468 545 3564 aliqua
562 3468 655 3541 ratio
670 3467 964 3564 magnitudinum
977 3491 1060 3563 quae
1071 3481 1172 3542 esset
1185 3494 1269 3567 qua·

226 3582 322 3654 litus.
375 3582 454 3654 Illae
476 3583 566 3676 ipsae
583 3580 678 3654 ratio
705 3593 744 3653 et
772 3579 974 3671 inclinatio,
993 3594 1150 3678 propter
1179 3606 1266 3679 quas

226 3694 383 3789 figuram
402 3693 638 3789 qualitatibus
652 3693 837 3766 accenseri
854 3705 1025 3788 poscunt,
1048 3696 1170 3769 ambae
1187 3706 1268 3769 sunt

226 3807 465 3901 quantitates,
479 3829 548 3879 nec
565 3819 608 3879 ut
624 3805 765 3903 quales,
783 3805 848 3878 sed
864 3816 908 3878 ut
931 3816 1078 3902 quanta
1104 3808 1269 3882 conside-

227 3930 357 3992 rantur
375 3919 693 3992 anathematicis.
721 3918 833 3994 Quod
846 3919 1079 4015 Meybomius
1097 3932 1269 4018 quantum

225 4041 373 4129 aquato
390 4056 466 4104 uon
480 4031 696 4128 distinguat,
714 4033 760 4104 ab
777 4032 943 4105 Wallisio
957 4045 1058 4106 recte
1072 4036 1269 4131 reprehen-

226 4144 337 4218 ditur.
406 4144 560 4233 Deinde,
596 4144 696 4241 quod
734 4145 985 4241 Meybominm
1019 4149 1267 4242 reprehendit,

225 4259 313 4353 quia
329 4259 369 4331 in
398 4258 488 4331 locis
506 4258 647 4354 aliquot
674 4269 853 4348 veterum,
869 4258 932 4331 ubi
961 4260 1175 4335 emendatio
1207 4261 1268 4335 de-

224 4372 335 4445 bebat
351 4372 431 4444 fieri
454 4395 521 4468 per
533 4382 711 4454 διπλασίονα,
727 4371 901 4445 emendat
926 4394 993 4468 per
1006 4382 1170 4464 διπλάσιον,
1196 4399 1269 4448 me·

225 4485 298 4559 rito
316 4486 414 4559 fecit.
468 4485 541 4558 Sed
568 4485 668 4581 quod
691 4485 924 4582 Meybomius
941 4483 1040 4557 idem
1058 4486 1265 4585 significare

226 4611 418 4673 censuerat
432 4611 583 4671 διπλασίων
601 4612 639 4673 et
656 4610 811 4691 διπλάσιος,
825 4611 926 4673 recte
940 4600 1087 4675 censuit
1106 4633 1116 4687 ;
1143 4602 1268 4678 Walli·
