2618 5092
283 660 606 716 narnnnnrrcnr
626 662 869 716 normann.
1045 652 1092 718 55

88 812 134 889 A.
160 814 278 890 Idem
306 839 456 891 censeo.
506 816 748 891 Transeamus
775 839 865 914 crgo
891 813 941 891 ad
969 815 1092 915 Caput
1128 847 1278 892 onmem

47 929 256 1026 septimum.
1131 931 1275 1036 „L

89 1043 138 1117 B.
165 1043 255 1117 lmo
270 1066 361 1117 vero
379 1042 429 1116 ad
444 1041 651 1116 decimum:
676 1042 769 1115 nihil
786 1042 885 1116 enim
901 1041 1093 1116 continent

49 1154 259 1252 septimum,
278 1169 453 1231 octavum
469 1165 509 1230 et
531 1178 684 1242 nonum,
699 1166 836 1253 praeter
856 1179 1093 1230 numerorum

47 1269 183 1342 variam
200 1269 458 1367 scriptionem,
479 1269 654 1343 nimirum
676 1269 715 1341 in
733 1268 822 1365 Cap.
839 1267 914 1358 vii.,
940 1269 1093 1343 modum

49 1382 234 1457 scribendi
246 1405 424 1456 numeros
440 1405 506 1478 per
518 1383 644 1455 literas
656 1380 843 1478 alphabeti
860 1405 1093 1455 communem

49 1495 183 1570 Graecis
201 1506 244 1568 et
262 1495 458 1579 Hebraeis3
483 1495 523 1568 in
541 1506 672 1570 octavo
694 1496 797 1584 item,
823 1493 973 1568 modum
1002 1495 1092 1568 scri-

50 1608 159 1682 bendi
177 1630 249 1704 per
270 1607 396 1680 literas
420 1607 605 1704 alphabeti
635 1630 866 1681 communem
893 1606 1029 1682 Graecis
1056 1616 1095 1681 et

50 1719 190 1794 latinis
204 1751 216 1805 3
242 1721 284 1793 in
299 1743 399 1794 nono
416 1719 463 1794 de
479 1720 628 1819 cypbris
644 1721 804 1794 maxima
817 1745 862 1795 ex
879 1731 985 1817 parte
1003 1720 1092 1793 satir

51 1833 221 1930 cognitis,
238 1843 375 1907 caetera
390 1834 525 1930 partim
541 1834 684 1920 frivola,
698 1834 833 1930 partim
850 1834 980 1908 aliena.
1019 1833 1092 1907 Sed

49 1969 73 2020 a
97 1969 191 2020 voce
220 1943 378 2044 cypira,
405 1957 527 2021 ortum
556 1946 728 2020 habuisse
758 1946 867 2021 docet
890 1967 999 2019 voces
1027 1971 1092 2044 cy-

44 2059 216 2157 pirandi
239 2070 277 2133 et
294 2058 564 2158 decyplrrandi,
582 2083 650 2156 pro
676 2059 858 2155 scriptura
883 2059 1028 2133 occulta
1053 2071 1092 2133 et

50 2172 216 2269 ejusdem
233 2171 627 2268 explicatione—Qua
639 2170 830 2246 scribendi
842 2171 990 2244 ratione
1002 2180 1092 2244 tem-

43 2309 140 2383 pore
168 2283 261 2359 belli
283 2283 407 2358 civilia
433 2310 514 2359 cam
539 2307 659 2357 omnes
671 2284 768 2380 fere
794 2293 998 2374 uterentur,
1021 2309 1093 2357 non

43 2422 171 2496 pauca
185 2396 396 2494 hujusmodi
412 2399 560 2497 scrpta
575 2398 614 2472 in
630 2398 762 2471 itinere
778 2421 845 2470 ruo
871 2398 976 2493 (nota
994 2397 1092 2493 quod

49 2511 87 2585 in
101 2509 244 2607 Anglia
259 2510 392 2584 itinera
413 2510 556 2584 faciunt
573 2510 754 2608 epistolae)
774 2511 993 2608 intercepta,
1017 2510 1094 2608 ipa

53 2623 107 2718 (ut
119 2623 188 2718 ait)
204 2620 433 2722 explicanda
445 2622 704 2697 tradebantur.
739 2622 797 2696 Et
813 2623 957 2721 quidem
968 2649 1092 2697 eornm

50 2733 225 2810 maulia
237 2744 316 2808 tani
327 2733 573 2833 insuperabili
585 2734 805 2830 difficultate
815 2735 978 2810 involuta
989 2737 1091 2810 aide-

50 2845 194 2938 bantur,
222 2857 266 2922 ut
281 2847 380 2946 sere
402 2848 449 2922 de
471 2846 617 2921 illorum
640 2846 888 2946 explicatione
912 2850 1092 2950 despera-

49 2960 157 3052 uerit,
173 2985 243 3035 nec
257 2959 334 3034 uiri
344 2970 433 3058 port
455 2960 668 3034 diuturnam
682 2960 952 3058 inquisitionem
968 2964 1092 3036 inere-

51 3072 157 3148 dibili
191 3072 321 3147 labore
352 3073 602 3172 superaverit.
674 3071 833 3158 Quorum
867 3097 938 3146 nan
959 3099 1091 3172 pauca

50 3187 254 3285 rpeciraina
271 3186 311 3260 in
330 3185 486 3286 publiea
509 3184 749 3260 Bibliotheca
770 3184 996 3284 Bodleyann
1017 3186 1091 3261 Oa-

50 3300 140 3376 onia
155 3299 412 3373 commanda
430 3298 606 3373 tradidit.

93 3413 147 3488 A.
173 3411 238 3487 Ad
277 3412 514 3488 scientiarum
547 3410 862 3486 Wallissianarum
904 3412 1091 3485 cumulum

51 3549 121 3601 una
137 3526 260 3600 defait
275 3526 407 3623 gloria,
433 3527 527 3600 bene
551 3525 814 3623 deciphrandi:
840 3526 974 3599 merito
1001 3550 1090 3622 ergo

51 3639 221 3734 peritiam
248 3638 359 3712 istam
386 3662 489 3713 suam
515 3638 679 3736 ignorari
709 3638 853 3722 noluit;
887 3639 1091 3735 prasertim

53 3776 133 3827 cum
148 3752 341 3841 Thuanus,
357 3751 470 3824 vitam
492 3751 654 3825 scribens
672 3750 856 3824 Francisci
868 3750 986 3825 Victae
1002 3775 1090 3847 geo-

52 3878 178 3942 metrae
198 3874 239 3940 et
257 3864 478 3962 algebristae,
503 3877 590 3938 ante
607 3863 825 3951 Wallisium,
851 3864 1012 3954 maximi,
1035 3865 1090 3939 in-

51 3979 201 4075 genium
217 3978 297 4074 ejus
314 3978 360 4052 ab
377 3977 506 4051 eadem
523 3977 699 4050 facultate
715 3975 949 4051 laudavisset.
992 3979 1090 4052 Nam

52 4091 198 4190 cyphrae
217 4090 383 4187 symbola
400 4100 498 4180 sunt,
516 4101 554 4164 et
580 4113 709 4163 earum
738 4090 900 4186 cognitio
927 4101 982 4164 est
1004 4116 1090 4187 pars

51 4204 272 4302 symbolicae.
312 4204 443 4300 Itaque
455 4227 601 4300 aequum
615 4213 706 4292 erat,
721 4216 763 4276 ut
779 4205 825 4277 ab
844 4227 888 4276 ea
904 4217 983 4278 arte
1000 4205 1090 4300 ipse,
1161 4290 1164 4296 ,

51 4330 89 4392 ut
100 4320 161 4394 cui
176 4316 305 4392 deerat
318 4316 488 4391 laudator
497 4318 623 4391 similis
636 4316 802 4407 Thuano,
815 4317 982 4391 laudaret
999 4341 1090 4391 sese.

96 4430 144 4506 Β.
172 4431 311 4528 Incipit
336 4431 522 4526 hincjam
550 4453 643 4527 opus
670 4430 954 4504 arithmeticum.
1019 4430 1092 4504 Sed

52 4557 249 4644 antequam
273 4544 323 4618 ad
351 4543 660 4618 examinationem
688 4545 766 4640 ejus
788 4543 988 4633 veniamus,
1016 4567 1092 4616 non

52 4658 113 4732 abs
129 4682 171 4733 rc
187 4658 270 4732 fore
294 4656 454 4731 arbitror
483 4656 514 4730 si
542 4655 754 4754 geometriae
782 4667 821 4730 et
850 4654 1093 4733 arithmeticae
