2618 5092
233 641 306 708 324
509 652 791 707 PROBIAEMA'I'A
806 652 1005 709 PHYSIGA·

55 849 123 891 cnr.
134 849 180 891 m.
284 823 333 896 B.
361 822 417 896 De
434 822 544 896 rebus
560 821 861 899 transmundanis
875 821 971 897 nihil
986 822 1078 897 scio.

47 918 194 1025 {210}
286 935 336 1009 Α.
364 934 466 1010 Quid
496 935 542 1009 de
571 936 824 1033 experimento
851 960 979 1011 censes
1004 932 1257 1025 Torricellimu,

236 1050 417 1146 probante
433 1072 592 1122 vacuum
607 1072 676 1146 per
691 1060 887 1147 argentum
903 1048 1045 1141 virum,
1060 1048 1137 1123 hoc
1148 1046 1257 1123 modu?
1305 1110 1307 1137 ;

236 1162 315 1252 Est,
333 1162 372 1235 in
389 1163 521 1257 figura,
538 1161 573 1235 A
589 1161 707 1259 pelvis
729 1161 806 1237 sive
827 1162 930 1237 aliud
944 1186 1024 1253 ras,
1038 1172 1080 1237 et
1104 1162 1145 1237 in
1160 1184 1201 1235 ec
1217 1182 1259 1233 rr·
1305 1260 1307 1265 Ι

236 1285 389 1371 gentum
407 1275 531 1347 vivum
546 1274 729 1371 usquead
746 1275 791 1349 B.
840 1275 909 1351 Est
929 1287 1060 1351 autem
1077 1274 1152 1351 CD
1172 1274 1260 1349 tutu
1305 1328 1307 1341 .

236 1389 377 1462 vitreus
407 1411 603 1478 concavus,
630 1388 794 1484 repletus
819 1412 968 1487 quoque
1001 1400 1161 1487 urgente
1184 1386 1259 1463 rire.

238 1502 352 1575 Hunc
378 1501 509 1575 tubum
536 1501 567 1574 si
589 1500 706 1597 digito
723 1502 966 1594 obturaveris,
990 1500 1261 1599 erexerisqneiu

238 1638 323 1689 vase
336 1614 383 1704 Α,
400 1637 625 1711 manumque
641 1614 849 1706 abstuleris,
866 1614 1071 1691 descendet
1092 1626 1261 1713 argentum

238 1728 362 1801 vivum
378 1750 401 1799 a
419 1726 469 1799 C:
487 1749 617 1799 rerum
630 1750 706 1800 non
717 1727 929 1803 effundetur
940 1740 1066 1805 totum
1079 1729 1119 1803 in
1131 1728 1261 1827 pelvem,

239 1839 305 1913 sed
317 1840 467 1913 sistetur
480 1839 519 1913 in
533 1838 708 1914 distantia
724 1840 896 1936 quadarn,
909 1842 1117 1939 putainD.
1152 1841 1262 1915 Nonne

239 1977 327 2050 ergo
343 1951 591 2026 necessarium
608 1964 678 2040 cst,
693 1964 738 2026 ut
753 1976 840 2050 pars
855 1954 937 2029 tubi
953 1956 1055 2030 inter
1072 1953 1106 2029 C
1121 1964 1160 2028 et
1179 1950 1263 2027 Dsit

239 2066 380 2141 vacua?
431 2067 518 2139 Non
534 2064 646 2152 enim,
663 2075 766 2163 puto,
780 2068 934 2164 negabis
957 2069 1051 2167 quin
1076 2064 1264 2166 superficies

240 2180 322 2254 tubi
348 2202 522 2264 concava,
545 2190 584 2251 et
611 2180 758 2276 argenti
782 2181 859 2255 vivi
885 2205 1066 2274 convexa,
1091 2204 1132 2257 sc
1158 2190 1264 2254 mutuo

242 2291 527 2390 exquisitissime
544 2293 775 2388 contingant.

244 2412 248 2419 '
291 2408 340 2479 B.
368 2407 447 2502 Ego
464 2428 584 2499 neque
600 2429 697 2502 nego
715 2416 940 2497 contactum,
964 2432 1089 2505 neque
1105 2409 1179 2481 vim
1198 2428 1266 2479 cun·

241 2520 444 2616 sequentiae
470 2520 649 2616 intellige
702 2518 743 2591 Si
768 2520 850 2616 quis
876 2521 914 2593 in
942 2534 1143 2618 argentum
1165 2521 1267 2593 virum

242 2631 342 2727 quod
359 2632 396 2704 in
416 2656 501 2706 vase
512 2646 569 2706 cst
578 2632 737 2705 vesicam
747 2630 968 2707 immerserit
976 2633 1158 2723 inflatam,
1168 2651 1268 2706 nonne

243 2745 316 2833 illa,
334 2756 459 2818 amota
472 2769 596 2834 manu,
614 2745 805 2840 emerget?

294 2858 344 2931 A.
371 2858 430 2931 Ita
447 2871 559 2947 certe,
577 2859 648 2932 etsi
665 2870 761 2932 esset
778 2858 900 2932 vesica
916 2857 1052 2951 ferree,
1070 2861 1131 2934 vel
1147 2885 1190 2934 ex
1209 2880 1269 2932 rna·

243 2972 339 3046 teria
356 2996 588 3069 quacumque
601 2983 737 3068 praeter
754 2995 897 3045 aumm.

297 3086 345 3160 B.
372 3086 485 3161 Vides
496 3086 609 3184 igitur
622 3086 669 3160 ab
684 3108 768 3159 aere
779 3086 965 3183 penetrari
974 3110 1088 3184 posse
1098 3097 1271 3185 argentum

244 3202 382 3274 vivum.

296 3315 346 3388 A.
373 3314 521 3386 Etiam:
548 3321 584 3384 et
613 3311 763 3408 quidem
779 3311 843 3385 illa
867 3312 948 3410 ipsa
965 3314 1015 3403 vi,
1033 3338 1147 3410 quam
1163 3338 1186 3388 a
1200 3334 1274 3411 pou·

246 3425 332 3500 dere
351 3427 487 3522 accipit
504 3425 648 3521 argenti
666 3424 749 3497 vivi.

296 3536 343 3612 B.
372 3539 489 3613 Simul
509 3549 619 3634 atque
641 3549 837 3633 argentum
854 3538 977 3611 vivum
996 3539 1226 3614 descenderit
1239 3533 1278 3608 ad

247 3653 293 3740 D,
312 3652 420 3725 altius
444 3652 514 3724 erit
531 3651 570 3724 iu
587 3675 674 3724 vase
692 3651 726 3723 A
744 3675 854 3747 quam
868 3663 979 3725 aute:
1007 3653 1194 3740 nimirum,
1208 3650 1278 3749 plus

247 3766 393 3861 argenti
407 3765 480 3838 vivi
493 3765 565 3838 erit
582 3765 621 3837 in
631 3788 718 3837 vase
736 3789 847 3861 quam
864 3778 943 3839 erat
960 3777 1050 3841 ante
1065 3767 1279 3851 descensum,

247 3888 352 3952 tanto
371 3891 549 3976 quantum
568 3880 667 3976 capit
684 3902 769 3975 pars
794 3879 873 3951 tubi
891 3879 963 3953 01)
979 3909 988 3952 ε
1021 3891 1131 3955 tanto
1150 3899 1280 3978 quoque

248 3992 370 4065 miuus
388 3992 458 4065 erit
475 3993 571 4065 aeris
584 4004 690 4066 extra
702 3993 845 4082 tubum,
861 4017 972 4090 quam
989 4006 1078 4068 ante
1096 4006 1186 4068 erat
1225 3990 1281 4064 llle

249 4115 373 4180 autem
400 4130 464 4179 aer
492 4106 554 4202 qui
583 4107 630 4179 ab
655 4117 809 4203 argente
826 4107 911 4179 vivo
929 4107 1012 4181 loco
1034 4132 1103 4182 suo
1128 4121 1282 4183 extrusus

250 4234 317 4311 est,
356 4221 562 4318 (supposita
596 4221 758 4294 universi
789 4221 1051 4318 plenitudine),
1085 4248 1160 4320 quo
1194 4221 1282 4295 abire

249 4346 384 4431 potest,
402 4335 473 4408 nisi
486 4334 534 4407 ad
553 4358 635 4406 eum
650 4334 772 4407 locum
787 4334 850 4430 qui
867 4334 906 4406 in
928 4335 1019 4409 tubo
1041 4336 1144 4409 inter
1161 4335 1191 4410 C
1206 4345 1241 4407 et
1255 4330 1282 4403 D

250 4472 273 4519 a
300 4447 478 4521 descensu
499 4446 643 4542 argenti
660 4446 735 4519 vivi
761 4446 1068 4543 relinquebatur?
1123 4448 1196 4522 Sed
1211 4467 1282 4542 qua,

252 4559 405 4655 inquieS,
419 4560 480 4633 via
496 4559 535 4633 in
552 4559 657 4632 illum
674 4559 797 4633 locum
814 4583 1053 4635 successurus
1071 4562 1156 4636 est?
1198 4560 1280 4641 011³,
