2618 5092
222 658 297 740 270
549 677 604 729 us
623 676 797 732 urruns
813 678 953 731 annis.

217 844 356 939 jacenti
377 843 417 916 in
440 843 573 917 arida*
592 856 904 943 superponeretur
932 844 1025 921 sotis
1046 866 1177 943 magna
1196 868 1241 919 no

221 956 348 1029 lumna
364 981 480 1053 aquae,
499 981 583 1053 qnae
608 958 706 1033 iliius
732 960 880 1057 corpori
908 982 979 1033 nec
997 970 1176 1056 preterea
1194 956 1242 1033 nili

221 1069 275 1141 rei
292 1069 524 1161 inniteretur,
540 1070 785 1168 proculdubio
800 1097 825 1146 a
840 1082 947 1147 tanto
976 1070 1144 1169 pondere
1155 1070 1242 1147 nono

222 1193 486 1256 contereretur.
538 1184 724 1257 Caeternm
752 1182 873 1258 eidem
894 1182 1039 1258 homini
1062 1182 1195 1280 jacenti
1214 1182 1243 1255 in

220 1294 337 1367 fundo
363 1295 485 1383 maris
503 1296 684 1370 columnae
707 1295 875 1392 ejusdem
899 1294 1098 1370 innitentis
1125 1292 1242 1393 pondu

220 1430 297 1481 non
314 1407 526 1481 sentiretur.
578 1408 675 1482 Nam
693 1409 797 1483 loeus
819 1408 939 1483 omnis
956 1408 996 1482 in
1013 1408 1136 1504 figura
1149 1408 1242 1505 spin-

220 1521 298 1593 rica
327 1521 504 1610 materiae,
539 1521 775 1617 quantumvis
808 1520 965 1609 subtilis,
999 1545 1024 1594 a
1048 1532 1181 1594 conatu
1207 1520 1241 1615 (si

220 1657 331 1729 quem
347 1633 497 1728 habeat)
511 1658 535 1707 a
546 1634 843 1709 circumferentia
855 1634 1086 1709 adeentrnm
1098 1644 1241 1708 arcuatus

219 1746 296 1820 sive
309 1760 588 1822 concameratns
604 1759 674 1838 est,
691 1748 747 1822 ita
763 1761 807 1821 ut
823 1772 899 1822 non
911 1747 1032 1846 possit
1048 1770 1165 1834 ruere,
1178 1766 1239 1831 nee,

217 1883 286 1956 per
302 1884 542 1957 consequens,
554 1860 594 1934 in
610 1862 755 1935 ruinam
771 1860 853 1935 niti.
898 1858 941 1934 Id
959 1858 1062 1955 quod
1077 1857 1240 1956 perspicue

218 1973 287 2046 tibi
317 1973 504 2071 descripta
525 1976 657 2072 figura,
680 1975 712 2048 si
740 1974 838 2047 tanti
862 1995 944 2047 esse
968 1982 1091 2068 putas,
1116 1970 1240 2045 demon·

218 2088 354 2161 straba.

269 2200 319 2274 B.
345 2200 454 2274 Tanti
472 2224 550 2274 esse
568 2210 671 2297 pute.
722 2200 946 2273 Demonstro
962 2220 1067 2294 ergo.

266 2312 313 2386 A.
341 2313 479 2387 Centro
497 2326 607 2387 terrae
624 2315 669 2401 A,
687 2313 792 2387 radio
810 2312 893 2400 AB,
911 2320 1054 2407 quanta
1078 2320 1133 2382 est
1158 2302 1239 2380 seni·

217 2427 395 2499 diameter
413 2428 679 2523 atmosphaerae‚
695 2427 924 2499 describatur
937 2423 1097 2496 circulus
1109 2417 1239 2494 BCDB.

218 2539 346 2637 Sitque
375 2563 461 2636 pars
491 2540 744 2636 atmosphaerae
772 2539 871 2611 intra
901 2549 1019 2610 totam
1043 2536 1161 2632 posita
1181 2531 1240 2603 ubi·

218 2676 363 2747 cunque
382 2652 451 2723 bc:
479 2676 725 2750 superquam
753 2653 901 2726 insistat
928 2650 1101 2722 columna
1130 2658 1240 2720 atmos·

217 2765 379 2861 phaerica
396 2764 508 2859 efbc.
549 2765 643 2838 Dico
662 2767 871 2839 columnam
887 2761 991 2856 esbc
1007 2785 1084 2834 non
1102 2778 1241 2858 premere

215 2878 398 2973 gravitate
422 2901 488 2950 sua
512 2891 655 2973 partem
674 2879 733 2951 bc.
786 2878 883 2952 Nam
901 2875 932 2948 si
949 2875 1097 2970 premit,
1115 2883 1241 2969 propter

216 2992 433 3088 gravitatem
452 2992 588 3088 premit
604 2994 770 3066 materiae
787 2988 1058 3084 atmosphaerae.
1103 2986 1240 3059 Conatus

206 3105 330 3200 'igitur
363 3105 544 3179 columnae
578 3107 679 3202 efbc
711 3119 856 3203 premet
883 3113 1028 3199 purtem
1059 3099 1110 3172 bc
1137 3117 1240 3170 versus

216 3231 384 3292 centrum
401 3220 447 3307 Α,
466 3217 504 3291 id
527 3229 597 3308 est,
624 3243 690 3315 per
718 3229 839 3291 rectas
856 3215 929 3302 bA,
948 3216 1020 3304 οΑ,
1049 3226 1088 3285 et
1114 3220 1239 3284 caeteras

216 3331 465 3404 intermedias.
517 3330 647 3403 Omnis
668 3333 765 3404 enim
787 3339 941 3405 conatus
960 3327 1126 3424 corporis
1140 3320 1239 3421 gravis

216 3455 272 3516 est
306 3469 329 3517 a
360 3442 657 3517 circumferentia
685 3444 734 3516 ad
773 3469 860 3517 cen-

215 3568 315 3628 trum
328 3567 437 3629 terrae
450 3555 697 3652 undiquaque.
735 3558 860 3633 Quare

215 3666 273 3758 bc,
315 3693 397 3764 qnae
435 3671 554 3764 major
583 3684 639 3742 est
674 3695 784 3766 quam
818 3687 861 3748 ut

213 3784 330 3877 possit
357 3781 580 3855 descendere
607 3783 645 3855 in
676 3785 860 3882 triangulo

215 3893 314 3984 ben,
328 3918 402 3967 nou
417 3905 540 3990 potest
554 3894 776 3971 descendere
791 3900 861 3974 nisi

212 4008 325 4082 faciat
344 4021 463 4082 rectas
482 4009 556 4097 bA,
579 4011 640 4083 cA
658 4010 860 4107 divergere‚

211 4133 255 4195 ut
283 4123 331 4196 sit
362 4123 592 4196 descensioni
620 4124 734 4198 locus.
788 4128 861 4200 Sed

212 4237 293 4310 fieri
310 4238 382 4310 hoc
399 4261 474 4309 non
498 4250 631 4334 potest,
651 4240 737 4334 quia
754 4264 862 4314 cona·

211 4360 272 4422 tus
307 4351 562 4446 atmosphaerae
594 4352 633 4424 in
664 4352 779 4426 dhet
805 4380 863 4453 gc
1129 4336 1148 4376 ⁰

251 4597 269 4632 ⁴*
293 4597 342 4658 Sic
355 4599 436 4659 Edit.
455 4604 527 4661 1661
545 4612 575 4662 et
592 4604 678 4661 1668.
722 4600 827 4675 Quaere
843 4605 901 4662 “in
915 4607 1028 4667 aridam
1041 4603 1184 4666 terrcm'’i
