2618 5092
204 678 279 747 266
529 692 584 748 nn
602 692 931 749 urrunsanars.

205 862 298 938 solet
315 863 535 960 phantasma
550 861 656 937 lucis.
682 862 758 937 Sed
772 872 945 937 naturam
961 870 1004 935 et
1015 872 1243 937 ceusamtan

204 976 302 1074 ignis
323 1001 434 1073 quam
458 977 563 1065 lucis,
580 977 620 1049 in
642 975 738 1050 libro
755 996 811 1049 mr
829 996 1027 1050 corrone
1044 998 1130 1075 cup.
1145 976 1243 1067 mii,

204 1089 294 1164 satis
311 1089 508 1185 explicavit
526 1086 707 1163 Hobbius.
759 1086 946 1164 Quoniam
963 1110 1057 1186 ergo
1077 1088 1175 1187 ignis
1188 1112 1244 1165 nu·

204 1216 290 1277 tura
306 1227 329 1276 a
346 1216 451 1276 motu
467 1202 534 1276 tali
553 1200 750 1299 dependet,
764 1202 876 1277 utris
887 1202 1143 1299 percussionis
1158 1202 1244 1277 oculi

205 1316 341 1390 exoriri
358 1316 471 1390 faciat
487 1316 709 1412 phantasma
722 1315 839 1395 lucisz
865 1338 1082 1413 quanquam
1094 1314 1244 1391 risillius

206 1441 328 1504 motus
352 1431 391 1504 in
420 1429 634 1527 recipiente,
650 1442 696 1504 ut
714 1428 919 1527 loquimini,
937 1440 1122 1504 evacuato
1150 1428 1244 1503 dimi·

205 1554 297 1617 nuta
314 1544 373 1634 sit,
391 1566 567 1640 oppressa
585 1542 632 1616 ab
660 1542 755 1616 aeris
782 1542 883 1616 intus
912 1542 1094 1617 commoti
1120 1542 1244 1617 comis

205 1657 334 1746 tentia,
349 1681 424 1731 non
447 1671 572 1731 tamen
588 1655 840 1753 extinguitnr;
866 1668 906 1730 et
921 1666 1122 1752 propterea
1137 1656 1245 1731 team

206 1770 454 1865 oppressione,
484 1770 573 1844 satis
602 1769 754 1843 habebit
781 1767 916 1842 virium
943 1767 994 1841 ad
1021 1766 1244 1843 excitandam

205 1882 438 1979 phantasiam
472 1882 577 1971 lucis,
611 1906 823 1979 quanquam
857 1880 1089 1955 debiliorem.
1152 1881 1244 1956 Idem

206 1995 439 2070 sentiendum
469 2007 528 2070 est
554 1994 601 2069 de
628 1996 708 2068 rita
735 1994 961 2085 animalium,
987 2018 1073 2092 quae
1097 1993 1139 2069 in
1162 1996 1245 2071 raci-

205 2108 331 2206 piente
363 2109 421 2181 vel
454 2107 583 2182 fodina
609 2107 784 2181 videntur
807 2107 956 2204 quidem
986 2130 1069 2183 esse
1098 2120 1244 2198 mortua,

206 2233 328 2296 motus
345 2233 468 2296 tamen
486 2222 653 2295 internus
665 2222 826 2318 partium
838 2221 1059 2312 calorifirns,
1070 2221 1159 2297 vitae
1169 2245 1245 2319 pro

206 2336 320 2432 prins,
340 2334 504 2407 nondum
522 2334 765 2430 extinguitur,
783 2343 820 2407 et
837 2334 995 2430 proinde
1014 2335 1131 2408 vitam
1143 2334 1243 2432 paulo

206 2461 291 2544 post
308 2449 501 2543 recipiunt.

258 2563 307 2632 B.
337 2561 495 2636 Quando
510 2574 635 2634 autem
649 2572 716 2650 est,
732 2559 831 2657 quod
843 2560 889 2633 de
905 2561 1059 2634 homine
1072 2586 1159 2636 vere
1170 2587 1245 2659 pro·

207 2674 379 2746 nuntiare
407 2697 603 2770 possumus
631 2675 730 2770 quod
760 2686 816 2747 est
838 2686 1018 2764 mortuus,
1042 2676 1134 2765 sive,
1159 2675 1247 2773 quod

207 2786 305 2857 idern
325 2800 391 2874 est,
409 2786 570 2859 animam
588 2787 792 2884 expiravit?
846 2788 1050 2884 Cognitum
1075 2792 1174 2864 enim
1200 2803 1248 2864 est

206 2898 372 2971 homines
397 2900 593 2973 nonnullos
622 2925 690 2998 pro
717 2901 873 2974 mortuis
899 2901 1058 2991 habitos,
1079 2904 1247 2999 postridie

206 3012 334 3102 elatos
349 3013 536 3087 revixisse.

258 3126 307 3199 Α.
335 3127 391 3199 De
420 3140 561 3223 puncto
583 3127 772 3222 temporis
796 3151 869 3223 quo
898 3127 1023 3200 anima
1053 3153 1078 3202 a
1103 3154 1247 3227 corpore

206 3251 408 3335 separatur,
427 3238 575 3312 difficile
606 3250 662 3311 est
692 3252 866 3314 statuere.
918 3241 1036 3337 Perge
1065 3243 1182 3339 igitur
1206 3241 1247 3316 ad

207 3352 460 3448 experimenta
476 3352 559 3424 alia.

259 3465 307 3538 B.
335 3466 374 3538 Si
393 3463 611 3537 demittatur
624 3464 663 3535 in
681 3464 861 3559 recipiens
878 3466 1003 3539 vesica
1018 3468 1248 3542 mediocriter

207 3579 346 3665 inflata,
377 3578 440 3650 illa
465 3602 532 3671 per
560 3578 890 3672 reciprocationem
910 3582 1072 3655 suctoris
1102 3583 1246 3679 amplius

207 3690 441 3778 distenditur,
460 3705 498 3764 et
515 3690 677 3779 tandem,
696 3689 727 3762 si
751 3715 864 3786 opera
879 3706 1070 3789 urgeatur,
1100 3695 1247 3770 disrum-

206 3816 325 3899 petur.
379 3805 503 3878 Quare
521 3803 673 3877 autem?

256 3916 305 3989 A.
334 3917 432 3990 Quia
451 3918 613 3989 cuticula
627 3918 747 3990 omnis
765 3941 810 3989 ex
828 3918 974 3992 filiculis
999 3934 1245 4019 constatque

206 4031 371 4126 praeter*
389 4031 536 4125 figuraS,
556 4043 773 4104 contactum
790 4056 856 4127 per
883 4034 1009 4106 omnia
1030 4048 1173 4131 puncta
1193 4059 1244 4109 ac·

207 4154 377 4216 curatum
410 4143 546 4217 habere
580 4170 656 4217 non
684 4157 850 4242 possunt.
914 4146 1046 4219 Pervia
1076 4174 1168 4246 ergo
1198 4157 1246 4220 est

207 4258 340 4346 vesica,
360 4282 443 4330 cnm
462 4258 509 4331 sit
527 4258 698 4348 cuticula,
717 4282 786 4331 nec
803 4259 880 4331 aeri
897 4270 1058 4347 tantum,
1071 4262 1246 4337 sedetiam

207 4394 324 4466 aquae,
338 4370 455 4466 qualis
468 4381 525 4443 est
543 4371 665 4443 sudor.
719 4370 860 4444 Eadem
877 4395 966 4467 ergo
984 4374 1095 4463 aeris,
1109 4373 1246 4473 pervim

347 4630 365 4661 ⁴¹
388 4627 437 4687 Sic
451 4629 530 4688 Edit.
549 4632 634 4689 1668.
677 4629 781 4702 Quaere
802 4636 953 4709 “propter
967 4635 1108 4710 figurus.”
