2640 5092
408 661 743 716 GEOMETRARUM·
1023 642 1099 708 443

455 977 560 1054 ΟΑΡ.
586 977 693 1052 XIX.

79 1149 327 1204 Pnonosmo
347 1150 511 1204 DECIMA
530 1150 665 1203 snm
685 1148 905 1202 nnnMnan
920 1147 1063 1200 TERTU

447 1263 713 1317 Exeuntem.

54 1395 160 1470 Qun
178 1391 228 1466 ab
244 1393 485 1467 extremitate
506 1393 680 1468 diametri
708 1393 887 1490 cujusque
902 1389 1035 1464 circuti
1051 1389 1106 1463 ad
1133 1412 1202 1456 cnr.
1217 1413 1283 1454 xxx„

53 1505 216 1606 unguloc
232 1516 358 1580 rector
374 1506 534 1597 ducitur,
551 1515 661 1579 cetra
691 1506 813 1604 iprum
839 1503 1018 1577 circulum
1040 1527 1102 1576 co·
1114 1480 1284 1598 ff

53 1620 271 1695 detectio
302 1619 419 1694 locum
454 1621 700 1718 interipsum
730 1628 873 1692 rectum
903 1617 1039 1691 lineam
1065 1606 1274 1722 etffiffl

46 1732 310 1832 peripherium
329 1734 640 1833 comprobemum,
654 1732 901 1807 olterureeto
918 1730 1017 1804 liuea
1033 1755 1104 1804 mou

54 1845 193 1920 cadet:
217 1854 255 1919 et
279 1846 508 1921 semicirculi
529 1846 677 1944 quidem
698 1844 861 1944 angulus
890 1844 1018 1942 quouis
1040 1869 1103 1918 uu·

51 1959 148 2059 guin
174 1970 286 2034 acuto
309 1960 506 2034 rectilineo
529 1962 651 2056 umjor
675 1968 757 2043 eet;
782 1958 949 2057 reliquus
982 1968 1106 2031 autem

55 2095 188 2146 minor.

110 2185 157 2258 Iu
175 2185 315 2260 circulo
332 2187 442 2278 ABG,
473 2190 577 2284 cujum
603 2225 618 2261 ι
850 2222 865 2257 u
1091 2219 1106 2253 ι

57 2299 497 2389 metuendumne
525 2301 577 2374 ee
629 2273 853 2387 ⁶7]
999 2334 1018 2370 n

58 2412 138 2501 Ae,
156 2412 331 2511 adquam
343 2439 392 2487 eu
403 2415 449 2505 A,
463 2440 579 2513 puuc-
1020 2441 1035 2474 r

60 2537 102 2600 to
129 2534 305 2616 extremo,
323 2529 579 2626 perpendicu-

60 2639 160 2713 laris
174 2639 348 2714 ducatur.
374 2642 580 2717 Dicolrumc

60 2751 201 2826 lineum
226 2755 583 2852 perpendicularem

60 2866 398 2941 ueceeeurioeutru
408 2868 584 2943 circrdum

61 2979 211 3053 cudere.
243 2978 288 3052 Si
300 2981 395 3054 enim
408 2985 584 3060 codetiu·

63 3103 128 3167 tra
142 3163 144 3166 .
158 3093 290 3191 iurare,
312 3094 438 3192 qrrolie
466 3111 525 3174 eet
543 3103 634 3178 AB:
662 3104 776 3177 dueta
793 3099 873 3188 DB,
900 3106 1009 3170 eruut
1038 3095 1111 3168 duo

64 3205 199 3304 anguli
214 3206 329 3297 DAB,
346 3209 449 3284 DBA
467 3216 632 3312 eequolee
643 3243 658 3300 ,-
686 3214 757 3288 red
783 3213 885 3287 DAB
907 3219 1033 3283 rectus
1055 3220 1112 3284 eet

58 3343 138 3417 per
165 3323 500 3400 constructionem:
527 3328 649 3428 igitur
675 3339 714 3402 et
741 3328 843 3401 DBA
870 3334 995 3398 rectus
1022 3323 1110 3413 erit,

65 3433 167 3529 quod
180 3442 239 3506 eet
251 3433 464 3512 absurdum.
501 3439 586 3514 Duo
601 3443 696 3517 euim
713 3439 846 3538 unguii
863 3438 902 3511 iu
916 3435 1113 3536 triangulo

66 3546 228 3618 minoret
259 3557 346 3620 cuut
375 3550 517 3624 duobuc
543 3555 670 3628 rectio.
733 3552 820 3626 Nou
852 3551 975 3650 igitur
1004 3549 1116 3623 carlet

61 3660 395 3758 perpendimdcrie
413 3664 515 3740 iutra
532 3667 738 3751 circulum
762 3691 881 3764 neque
898 3665 1052 3738 eundem
1069 3661 1116 3735 ob

67 3797 219 3846 caueam
230 3773 269 3846 in
282 3774 401 3872 ipsum
412 3778 761 3877 circumferentiam,
776 3779 847 3852 ced
857 3788 981 3867 extro,
995 3774 1117 3873 qualis

67 3895 128 3959 eet
158 3887 231 3962 EF.
282 3886 380 3961 Dico
399 3892 485 3985 jem
516 3918 564 3966 ee
590 3895 636 3984 Α,
664 3895 762 3966 iuter
786 3894 863 3981 ΑΕ,
894 3901 1048 3978 rectum,
1079 3897 1118 3960 et

66 3999 406 4096 circumferentium
436 4005 514 4095 ΑΒ,
545 4031 615 4080 nou
643 4031 763 4106 poree
789 4006 929 4080 cadere
958 4003 1118 4077 alterum

69 4123 225 4186 rectem.

123 4226 219 4299 Haee
251 4239 309 4300 est
343 4228 668 4305 demonstrationis
699 4231 863 4305 Euclidis
900 4229 1119 4323 (interprete

70 4339 218 4431 Clario)
255 4363 341 4436 pars
374 4342 519 4438 prima:
558 4368 668 4440 quam
705 4344 788 4417 dico
821 4342 992 4415 vitiosam
1026 4362 1118 4412 esse.

72 4453 209 4538 Primo,
226 4452 326 4548 quod
342 4466 522 4550 punctum
539 4457 573 4529 A
591 4456 682 4529 dicit
699 4480 779 4530 esse
796 4477 915 4553 neque
932 4454 1032 4526 intra
1048 4452 1120 4524 cir·

72 4565 198 4639 culum
228 4588 347 4661 neque
375 4566 413 4640 in
443 4569 738 4642 circumferentia
762 4570 852 4664 ejus.
904 4566 998 4639 Cum
1022 4566 1120 4638 enim
