2618 5092
42 866 129 909 nor.
144 866 186 908 lv.

43 935 187 970 -f-a

231 659 304 727 364
460 672 515 727 DB
533 671 841 729 memnonis!
860 668 1054 729 ornem.

230 864 358 915 omnen
376 864 461 915 oum
479 860 500 942 p
517 840 660 915 fecium
676 844 734 929 oi,
751 862 836 938 qnoe
856 850 916 915 est
936 840 1055 915 tertio
1068 862 1155 939 poro
1170 852 1253 915 'mm-

229 956 296 1029 imi
334 963 390 1030 16.
441 955 563 1029 Conso
591 966 718 1029 antem
749 952 965 1051 hujusmodi
997 954 1253 1053 proportionum

230 1067 389 1143 obscum
410 1091 486 1141 non
509 1076 579 1142 est.
631 1067 729 1141 Nom
748 1066 897 1141 numeri
916 1066 1138 1156 bisantione,
1154 1092 1255 1167 qonm

230 1205 342 1278 quom
358 1181 536 1255 infinities
552 1180 696 1270 biseoti
712 1203 906 1279 nunqnam
922 1180 1145 1257 devenietnr
1158 1180 1201 1257 od
1215 1184 1254 1257 ni

230 1294 359 1383 hilum,
376 1294 443 1367 sed
464 1292 621 1367 restabit
636 1316 783 1391 semper
797 1292 948 1379 unitos:
973 1316 1100 1395 neqne
1115 1296 1255 1371 trinoctio

230 1417 408 1504 perpetuo
423 1430 619 1480 numerum
635 1428 857 1505 quemquem
872 1404 1032 1483 rednoet
1046 1406 1098 1483 nd
1113 1408 1254 1497 nibiinn,

231 1521 298 1595 sed
314 1521 467 1596 restabit
485 1543 629 1617 semper
645 1544 732 1618 pnrs
747 1520 883 1617 aliquo.

585 1752 838 1809 rnoeosl‘rlo
857 1756 916 1809 IV.

281 1873 475 1950 Quadrata
492 1875 643 1949 erectis
659 1874 778 1960 lineis,
795 1897 879 1971 quae
895 1872 1060 1970 aeqnales
1078 1872 1255 1948 suntoroi

229 1986 283 2060 ob
305 1989 523 2085 oaeberisque
549 1986 860 2084 consequentibus
883 2008 1003 2083 usque
1026 1985 1075 2060 od
1100 1999 1254 2085 punctnn
1298 2046 1301 2091 Ξ

229 2102 284 2192 Μ,
298 2102 407 2176 simol
420 2112 580 2199 sumpto,
593 2100 748 2199 aequelio
764 2110 852 2173 sunt
868 2098 1054 2196 quadrato
1071 2124 1118 2173 ex
1129 2098 1253 2173 PCsire
1299 2096 1301 2157 i

251 2242 513 2404 pQuadratum
531 2328 628 2401 enim
642 2352 687 2399 ex
699 2326 758 2400 ΡΟ
773 2325 870 2397 lotus
883 2324 999 2398 habet
1013 2325 1116 2422 quod
1129 2336 1182 2398 est
1196 2348 1254 2397 me-

229 2440 330 2514 dium
348 2442 446 2515 inter
463 2443 511 2514 IP
528 2453 566 2514 et
585 2441 697 2536 ipsius
709 2438 875 2534 duplum,
893 2438 933 2510 id
944 2452 1003 2511 est
1017 2441 1100 2535 (per
1111 2463 1206 2535 prop.
1218 2438 1256 2530 iio

229 2554 326 2626 inter
344 2554 429 2642 CM,
448 2555 523 2626 sive
542 2578 668 2627 arcum
687 2552 757 2639 CZ,
776 2563 815 2623 et
831 2551 947 2647 ipsius
965 2552 1169 2626 semissem.
1200 2548 1256 2624 Sed

228 2667 447 2762 quadratum
467 2691 511 2739 ex
525 2666 578 2739 ob
597 2689 681 2739 oum
699 2665 1011 2761 consequentibns
1030 2664 1213 2761 quadratis
1223 2684 1256 2734 ex

228 2780 373 2853 caeteris
400 2781 558 2852 arcubus
588 2779 758 2852 omnibns
781 2778 990 2851 terminatis
1018 2779 1059 2852 in
1087 2778 1168 2869 bM,
1189 2788 1256 2850 sont

230 2892 314 2987 (per
330 2892 464 2965 lemma
481 2892 708 2989 praeoedens)
730 2891 921 2964 dimidium
936 2891 1112 2988 quadrati
1130 2894 1175 2966 ab
1188 2914 1256 2965 arcu

228 3005 299 3079 CZ.
361 3007 485 3081 Quare
520 3006 739 3101 quadratum
774 3004 874 3101 quod
907 3005 980 3078 iliis
1017 3008 1187 3080 omnibus
1216 3014 1257 3077 est

228 3118 379 3214 aequele,
398 3119 550 3192 habebit
567 3143 634 3215 pro
651 3118 768 3192 latere
785 3117 941 3190 mediam
960 3118 1257 3216 proportionalem

226 3231 325 3305 inter
341 3256 468 3305 areum
488 3232 559 3321 CZ,
574 3232 611 3304 id
625 3243 681 3306 est
698 3242 837 3304 rectam
857 3230 944 3319 CM,
964 3243 1003 3304 et
1021 3232 1139 3329 ipsius
1156 3231 1257 3305 semis·

228 3369 316 3419 sem.
372 3345 497 3419 Media
513 3357 637 3418 autem
655 3344 718 3417 illa
736 3354 793 3416 est
816 3344 895 3439 ipsa
920 3357 1028 3417 recto
1052 3346 1124 3431 ΡΟ,
1147 3367 1258 3440 nempe

228 3458 341 3555 duplo
367 3470 480 3532 reotae
497 3459 578 3548 GQ,
597 3482 680 3554 quae
707 3457 915 3530 differentia
940 3470 999 3531 est
1027 3458 1128 3533 inter
1147 3460 1208 3533 AG
1230 3470 1259 3529 et

228 3571 312 3645 ΑΟ.
363 3573 456 3646 Dico
481 3585 672 3669 praeterea,
690 3570 871 3667 quadrata
893 3595 1048 3645 arcuum
1075 3571 1259 3647 eorundem

228 3706 302 3756 una
326 3708 409 3757 cum
432 3685 614 3782 quadrato
644 3684 691 3757 ab
718 3707 808 3756 areu
836 3683 898 3756 CZ
928 3684 1128 3759 dimidium
1156 3687 1260 3759 faeere

227 3818 335 3870 arcus
362 3798 431 3887 ST,
450 3798 526 3871 sive
550 3808 661 3871 reotae
688 3796 776 3880 BC;
803 3810 840 3869 et
867 3796 1024 3892 proinde
1055 3799 1260 3896 quadratum

228 3910 327 4006 quod
352 3911 423 3983 illis
450 3911 619 3984 omnibus
640 3922 696 3982 est
720 3909 874 4006 aequole‚
897 3909 1037 3983 habere
1067 3937 1138 4008 pro
1163 3913 1261 3986 latere

227 4035 367 4098 rectam
385 4024 457 4099 Ao
472 4023 632 4096 medinm
650 4023 749 4095 inter
765 4023 831 4095 ΑΒ
849 4034 887 4095 et
904 4022 983 4096 AG.

232 4190 235 4195 -
281 4136 419 4211 Coroll.
463 4137 511 4210 Et
527 4147 734 4234 propterea,
752 4135 934 4231 quadrata
950 4159 997 4208 ex
1014 4139 1187 4212 omnibus
1202 4135 1261 4210 illis

226 4252 396 4340 arcubus,
426 4260 613 4346 assumpto
644 4248 824 4345 quadrato
859 4249 905 4320 ab
935 4271 1026 4323 arcu
1056 4250 1128 4342 ST,
1161 4246 1260 4349 (quod

226 4366 445 4462 quadratum
473 4364 613 4459 aequale
641 4375 698 4436 est
718 4361 899 4457 quadrato
923 4362 1094 4459 ABCD),
1119 4362 1260 4463 aequolio

227 4502 307 4552 esse
337 4479 480 4552 duobus
504 4477 692 4573 quadratis
715 4475 823 4549 simul
851 4499 874 4548 e
900 4475 1014 4551 radiis
1038 4478 1107 4552 AB
1132 4490 1169 4553 et
1191 4476 1258 4561 Ao,

225 4593 331 4687 enjus
347 4593 444 4667 lotus
461 4592 532 4667 erit
546 4601 648 4665 recta
660 4591 772 4664 dueta
789 4613 811 4663 a
828 4602 968 4686 puncto
983 4591 1019 4665 D
1033 4592 1083 4666 ad
1097 4605 1259 4690 punctum
