2618 5092
226 680 293 745 104
436 692 709 747 nxnmnfflo
730 694 782 746 m·
800 690 1053 747 nunnotl'no

34 885 185 928 annonas
222 861 433 948 dodrantes,
452 872 662 956 caeteraque
677 859 888 958 fragmenta
908 860 1012 950 eseia,
1037 857 1162 933 minue
1184 882 1261 956 pro-

37 968 181 1072 ἐξ,
221 975 301 1071 prie
318 974 463 1046 numeri
482 973 714 1069 appellantur
725 974 932 1063 unciarum,
945 971 1265 1062 sententiendo,

222 1111 333 1186 quam
357 1087 542 1174 animalia,
567 1109 744 1161 numerus
769 1086 996 1161 animalium.
1047 1085 1179 1183 Capite
1209 1083 1266 1159 de·

222 1202 319 1274 aimo
337 1200 449 1272 tertio
466 1199 627 1274 traditur
643 1199 867 1274 fractionum
879 1197 1162 1273 scribendarum
1178 1197 1268 1273 ratio

223 1314 353 1388 eadem
372 1337 483 1408 qnam
500 1314 612 1409 vulgo
629 1313 764 1402 eoinnt,
778 1326 917 1410 praeter
932 1312 1166 1387 notationem
1180 1310 1271 1385 frua·

223 1428 367 1501 tionum
397 1425 701 1522 algebraiearum,
736 1450 829 1522 quas
854 1448 966 1499 nemo
996 1423 1175 1523 intelligit
1205 1422 1270 1497 nini

224 1538 374 1613 aliunde
391 1538 536 1613 doctus.
587 1539 682 1615 Quis
699 1540 800 1613 enim
816 1538 993 1635 intelligit
1010 1536 1154 1635 quode
1174 1536 1266 1624 Qu

227 1693 300 1767 SR
324 1692 424 1766 idem
440 1693 562 1768 valeat
578 1692 680 1791 quod
688 1650 843 1793 2—{332
872 1691 943 1766 nisi
969 1692 1034 1789 qni
1062 1704 1152 1768 ante
1168 1692 1210 1767 id
1224 1692 1274 1767 di·

227 1818 389 1892 dicisset.

280 1932 328 2006 B.
356 1932 430 2005 Sed
452 1956 535 2028 quae
560 1932 690 2030 regola
714 1944 771 2007 est
797 1932 989 2007 divisionis
1013 1956 1082 2031 per
1097 1930 1275 2031 symbolo,

227 2045 425 2120 accurata?

279 2160 329 2233 A.
356 2159 558 2233 Differatur
590 2161 663 2234 hoc
697 2159 745 2234 ad
785 2159 1097 2233 examinationem
1139 2158 1278 2257 Capitis

227 2271 405 2362 vicesimi,
423 2273 463 2346 id
480 2287 548 2362 est,
566 2274 616 2347 ad
641 2274 764 2347 locum
781 2274 987 2371 proprium.
1039 2274 1278 2348 Examinemr

226 2387 303 2482 jam
322 2386 444 2482 Caput
464 2386 649 2459 decimum
667 2388 841 2471 tertium
867 2387 932 2459 ubi
955 2387 1076 2483 primo
1101 2387 1186 2460 loco
1204 2410 1278 2459 mo·

231 2499 319 2572 dum
343 2499 453 2571 docet
477 2498 755 2574 demonstrandi
783 2501 1010 2574 additionem
1035 2524 1279 2588 numerorum,

231 2623 273 2684 ut
303 2625 493 2695 vocantur,
523 2612 738 2710 digitorum.
817 2612 939 2702 Verbi,
974 2613 1096 2709 inquit
1121 2614 1279 2711 gratim

232 2733 385 2815 2÷3=5‚
403 2725 459 2796 eie
477 2725 766 2803 demonstratur.
823 2729 1015 2800 Ponuntur
1031 2727 1198 2825 primum
1214 2727 1281 2800 diro

225 2845 384 2935 punctu,
402 2847 439 2909 et
457 2837 592 2911 deinde
611 2841 702 2929 trin,
721 2867 803 2939 pure
820 2841 952 2929 omnin,
978 2840 1013 2912 ei
1034 2852 1281 2930 rrnrnererrtnr,

233 2950 470 3047 reperientur
504 2952 673 3051 quinque.
743 2955 850 3027 Libet
884 2953 944 3025 hic
985 2978 1166 3049 quaerere,
1203 2978 1281 3028 curn

233 3063 334 3137 dieat
352 3065 451 3159 quod
469 3066 708 3163 reperientur
720 3069 893 3165 periitque,
908 3092 931 3139 a
949 3091 1022 3162 quo
1040 3069 1280 3162 reperientur.

234 3178 369 3250 Utrum
386 3180 431 3251 ab
450 3202 494 3251 eo
513 3179 577 3275 qni
595 3181 679 3269 scit,
697 3181 756 3254 vel
774 3181 821 3254 ab
843 3204 887 3252 eo
912 3181 975 3276 qui
1000 3182 1132 3269 nescit,
1151 3182 1226 3254 duo
1247 3191 1280 3253 et

232 3290 305 3364 tria
322 3315 400 3363 esse
419 3292 606 3387 quinque?
661 3293 701 3365 Si
718 3293 765 3365 ab
783 3317 827 3366 eo
842 3293 905 3388 qni
924 3294 1005 3381 soit,
1023 3293 1062 3365 id
1080 3295 1116 3366 ei
1133 3294 1278 3367 demon-

233 3415 389 3476 stratum
414 3414 493 3476 erat
520 3417 609 3478 tuno
638 3430 723 3478 curn
752 3405 922 3478 nesciret.
976 3406 1051 3479 Sed
1078 3409 1143 3502 qui
1167 3407 1280 3505 potnit

233 3519 273 3592 id
295 3520 376 3591 fieri
401 3519 629 3592 numerando
657 3519 704 3591 ab
731 3545 774 3592 eo
797 3519 860 3615 qui
885 3519 998 3592 eoiret
1021 3531 1171 3593 tantum
1198 3519 1279 3617 quid

233 3645 356 3706 essent
380 3633 453 3704 duo
471 3642 509 3704 et
531 3632 616 3720 tria,
638 3634 808 3706 nesciens
837 3632 924 3726 quid
950 3646 1074 3706 essent
1096 3631 1278 3732 quinque?

233 3746 346 3819 Vides
365 3769 453 3840 ergo
470 3758 514 3817 nt
530 3758 704 3842 nugatur.

287 3858 336 3932 B.
364 3858 438 3930 Sed
457 3882 582 3955 perge.

283 3970 329 4044 A.
365 3970 433 4044 Vei
448 3972 516 4045 eie.
563 3971 747 4057 Quoniam
767 3982 888 4044 notum
909 3983 967 4046 eet
989 3998 1035 4045 ea
1055 3973 1144 4071 ipsu
1167 3999 1282 4048 nume·

235 4108 361 4157 rorurn
374 4085 657 4181 procreatione,
677 4109 786 4180 quum
807 4083 945 4181 Cupite
968 4085 1099 4182 quinto
1123 4087 1282 4161 tradidi·

234 4223 322 4288 rnnr,
358 4199 459 4295 pund
490 4199 1281 4295 .rtt1÷1=2ern÷1=3et4÷l=5‚dre.

232 4309 767 4393 ernntetinnr2÷3=l÷l÷33
796 4321 1022 4397 et3÷l=4;
1051 4323 1262 4388 et4÷l=5.

283 4424 482 4501 Quomodo
500 4435 625 4497 autem
641 4439 773 4498 notum
792 4439 850 4498 est
873 4450 938 4522 per
956 4426 1049 4524 Cap.
1063 4453 1099 4501 v.
1118 4428 1221 4524 quod
1238 4428 1282 4501 sit

232 4549 369 4613 4÷1=5
387 4537 400 4608 i
455 4539 555 4611 Num
573 4538 609 4611 id
630 4538 705 4610 illic
724 4539 1023 4613 demonstratur?
1076 4540 1147 4614 Vel
1169 4542 1200 4616 si
1224 4541 1281 4615 de·

232 4661 472 4741 monstretur,
491 4674 537 4724 ex
556 4651 689 4746 quibus
707 4649 922 4748 principiis?
