2618 5092
237 640 311 707 426
381 652 435 704 nn
453 648 688 703 uniuersus
708 648 760 705 nr
778 646 1150 705 urtocrnnrronn

47 848 112 891 cur.
126 848 193 889 1111.
238 820 303 917 qui
319 819 400 893 fieri
416 828 539 916 potest
555 829 600 892 tlt
612 816 805 915 proportio
816 814 928 915 primi
943 814 995 889 od
1006 814 1164 891 tertium
1175 814 1272 913 dopit

47 918 195 1023 Μ
238 935 287 1007 sit
303 932 553 1030 proportionis
564 931 674 1029 primi
686 930 736 1003 sd
747 927 965 1017 secundum,
975 952 1065 1003 cnm
1077 928 1130 1003 sit
1138 930 1272 1005 omniuo

47 1034 132 1087 iltuto

238 1047 387 1121 eedem?
422 1046 592 1121 Profecto
602 1046 633 1119 si
644 1042 1020 1141 ratiotsdt,nempe
1032 1042 1273 1141 retiorequnlis

237 1162 286 1236 ad
296 1160 448 1256 aeqnale,
462 1160 499 1233 id
511 1173 580 1249 est,
590 1160 671 1256 ipse
681 1156 883 1255 aequulitus,
893 1155 1088 1255 quantitas
1097 1156 1160 1247 sit,
1168 1156 1274 1233 relide

237 1288 296 1347 est
323 1274 497 1369 objectio.
548 1272 615 1347 Sin
638 1271 826 1371 quantinus
855 1294 934 1345 non
963 1270 1025 1361 sit,
1051 1270 1187 1347 frivole
1210 1282 1274 1347 est:

238 1411 323 1460 cum
341 1387 433 1459 nihil
449 1387 497 1459 ad
514 1386 607 1461 nihil
630 1385 810 1476 additum,
826 1384 887 1459 vel
910 1408 979 1484 per
995 1384 1094 1459 nihil
1116 1384 1275 1483 multipli

240 1511 364 1573 cutum
394 1523 539 1595 semper
567 1500 659 1574 fucit
687 1499 791 1575 nihil.
842 1498 1056 1597 Antequam
1087 1513 1212 1577 entem
1237 1500 1276 1575 ud

238 1613 335 1686 hanc
352 1626 390 1686 et
407 1612 497 1685 alias
514 1614 593 1709 ejus
611 1614 838 1709 objectiones
854 1613 1115 1709 respondeam,
1132 1638 1208 1690 non
1222 1615 1275 1691 ult

239 1750 280 1800 re
297 1727 369 1799 erit
385 1735 602 1823 quantorum
619 1750 757 1823 genere
773 1726 930 1824 amplius
948 1750 997 1801 ex
1021 1727 1116 1825 ipsis
1138 1728 1276 1805 Euclide

239 1852 278 1914 et
296 1838 409 1913 Cluvo
433 1840 672 1935 distinguere,
691 1839 836 1936 etquid
858 1840 907 1915 sit
924 1840 1119 1915 rationum
1143 1842 1276 1917 additio

239 1966 280 2027 et
294 1951 513 2041 subtractio,
531 1976 577 2026 ex
594 1953 726 2027 iisdem
742 1953 945 2051 explicare:
972 1967 1014 2028 et
1031 1978 1101 2029 cur
1118 1954 1159 2029 in
1174 1956 1276 2029 tribus

239 2067 415 2141 continue
454 2066 802 2164 proportionalibus,
837 2090 997 2163 quorum
1031 2068 1198 2165 primurn
1232 2078 1277 2141 est

239 2181 451 2267 maximum,
468 2181 652 2253 rationem
670 2180 780 2277 primi
796 2179 846 2253 ed
867 2178 1023 2253 tertium
1041 2180 1194 2278 duplam
1210 2202 1276 2255 ems

240 2293 317 2367 dixi
329 2293 482 2368 rationis
495 2292 605 2389 primi
619 2292 668 2366 sd
680 2293 902 2377 secundum3
919 2317 997 2368 non
1008 2292 1276 2393 tumenquendo

240 2409 400 2502 primum
418 2420 475 2481 est
494 2408 696 2482 minimum.

668 2738 687 2743 -.
710 2738 782 2745 ..-,
802 2736 864 2765 ,ἶ

415 3176 561 3229 donoc
582 3176 636 3227 DE
656 3176 882 3228 RATIONUM
902 3176 1112 3231 cALcouo.

240 3305 468 3379 Dnnrnfflo
501 3304 632 3400 quinta
657 3302 840 3377 Elementi
857 3306 952 3378 sexti
970 3307 1053 3380 haec
1071 3322 1151 3381 est:
1179 3306 1278 3381 Ratio

240 3443 288 3490 ex
304 3416 511 3490 rationibus
529 3419 694 3515 componi
711 3418 864 3508 dicitur,
880 3442 960 3491 cum
978 3421 1168 3494 rationum
1180 3445 1279 3518 quun

241 3530 372 3602 tientes
403 3530 500 3603 inter
533 3554 575 3603 sc
608 3529 867 3627 cuultiplicatcc
898 3531 1064 3628 aliquam
1100 3532 1280 3630 effecerint

240 3641 449 3714 rationem:
476 3654 514 3715 et
531 3666 618 3716 vers
640 3654 707 3716 est.
760 3643 857 3717 Nam
880 3644 911 3717 si
932 3644 1010 3717 sint
1032 3646 1280 3743 proportiones

240 3753 314 3826 illae
327 3753 410 3828 duae
429 3756 567 3829 eaedem
578 3755 637 3828 vel
651 3780 725 3829 non
740 3755 892 3845 eaedem,
906 3757 983 3830 sive
996 3759 1118 3853 prima
1131 3759 1281 3833 maxims

240 3867 290 3940 sit
314 3867 371 3940 vel
401 3891 478 3941 non
509 3870 678 3959 maxima,
707 3892 850 3965 semper
881 3868 953 3943 illis
977 3872 1178 3946 conveniet
1201 3872 1281 3947 defi·

240 3981 345 4055 nitio.
396 3983 563 4079 Exempli
581 3983 722 4078 gratia:
742 3984 780 4055 in
794 3983 851 4056 his
865 3985 1040 4071 numeris,
1054 3996 1155 4061 4-2
1165 3995 1280 4071 ,6-3,

239 4095 305 4167 nbi
334 4095 496 4169 rationes
527 4105 613 4169 sunt
643 4095 793 4185 eaedem,
817 4097 849 4169 si
872 4097 1098 4194 multiplices
1127 4099 1224 4173 inter
1247 4123 1281 4173 se

241 4208 501 4282 antecedentes
515 4218 536 4281 4
551 4221 587 4282 et
603 4217 638 4297 6,
658 4209 721 4304 qui
734 4209 877 4282 faciunt
888 4219 950 4299 24,
963 4222 1002 4283 et
1020 4226 1281 4311 consequentes

242 4331 264 4395 2
284 4334 322 4393 et
340 4333 375 4411 3,
392 4323 456 4421 qui
473 4323 615 4395 faciunt
632 4332 675 4395 6:
693 4324 789 4396 ratio
807 4347 963 4399 nascens
975 4325 1050 4398 erit
1067 4327 1166 4402 ratio
1184 4337 1228 4403 24
1239 4324 1280 4399 ud

240 4443 278 4523 6,
304 4435 344 4509 id
360 4448 416 4510 est
433 4448 454 4511 4
474 4436 523 4511 ad
544 4445 576 4525 l,
601 4435 640 4509 id
664 4447 730 4527 est,
758 4436 945 4533 duplicata
975 4440 1136 4515 rationis
1151 4452 1174 4516 4
1192 4440 1278 4514 adt
