2618 5092
329 651 663 707 snonn‘rnnnun.
942 622 1015 704 465

28 820 48 910 i,
69 820 262 894 convitiati
283 834 381 910 sunt,
399 847 482 918 quae
505 845 616 896 causa
638 845 717 896 esse
738 821 879 919 potuit?
932 821 1016 897 Quo
1044 849 1141 889 cnm

28 931 50 1006 si
66 931 262 1006 fecerunt?
314 933 582 1031 Paralogismus
601 959 703 1023 meus
717 934 892 1008 domnum
910 947 1014 1007 tuum
1031 923 1141 1036 DJ&

28 1058 137 1120 nest.
191 1047 298 1121 Unde
315 1049 429 1145 igitur
448 1049 514 1123 irae
531 1047 662 1122 tantae?
713 1050 773 1122 An
790 1072 813 1121 a
830 1047 909 1120 zelo
928 1047 1015 1121 boni
1029 1054 1141 1153 ffssfiffl

28 1160 194 1248 mmunis,
225 1162 398 1235 nimirum
432 1187 479 1236 nc
509 1174 807 1258 corrumperetur
839 1159 1015 1256 paulatim
1029 1184 1071 1220 ets

28 1273 260 1348 ithemtica?
312 1275 463 1350 Utinam
481 1277 630 1372 quidem
652 1276 730 1349 illis
741 1276 911 1350 omnibus
928 1297 1017 1346 cura

28 1387 62 1487 ni
80 1389 288 1461 communis
304 1401 409 1462 tants
421 1403 529 1479 esset,
543 1404 585 1463 ut
597 1390 689 1463 nihil
702 1389 852 1462 omnino
864 1388 903 1461 in
915 1386 1018 1461 libris

28 1500 53 1573 si
72 1511 290 1597 paterentur
306 1526 383 1576 esse
401 1503 479 1576 sine
496 1503 759 1576 confutatione.
804 1501 879 1576 Sed
896 1500 948 1574 ita
963 1512 1019 1574 est

27 1638 98 1702 mo,
110 1613 182 1687 nisi
199 1630 386 1712 praecepta
403 1640 490 1690 vers
506 1616 748 1713 philosophiae
765 1613 915 1690 moralis
932 1627 1019 1687 ente

27 1727 160 1812 doerit,
171 1741 216 1800 ut
232 1728 365 1802 famam
384 1741 448 1803 aut
464 1730 607 1804 lucrum
624 1729 811 1826 primerio,
825 1728 1019 1803 veritatem

27 1839 197 1914 tundario
214 1854 376 1938 oppetat.
418 1842 509 1916 Inde
526 1855 582 1917 est
598 1843 697 1941 quod
710 1844 921 1937 *irascantur
937 1840 1019 1930 illis,

27 1977 136 2027 orum
158 1953 340 2030 industria
360 1954 475 2029 nimia
491 1957 656 2031 veritatis
677 1956 740 2029 lux
757 1954 930 2029 infertur:
949 1977 1022 2049 qua

27 2079 145 2140 tescat
180 2067 360 2154 omnibus,
390 2068 556 2166 quantuli
586 2069 655 2142 riri
689 2081 777 2142 sunt
803 2067 867 2164 qui
893 2065 1022 2139 volunt

27 2181 105 2253 beri
125 2180 286 2254 maximi.
337 2182 417 2278 Ego
435 2180 559 2278 aliquo
575 2183 724 2278 quidem
741 2184 779 2255 in
805 2179 949 2254 Euclidi
967 2202 1023 2251 re·

27 2292 171 2382 sinendi,
197 2318 273 2368 non
299 2306 421 2368 tamen
445 2307 488 2367 ut
514 2295 618 2369 illum
641 2320 717 2370 non
742 2307 869 2390 putem
898 2293 1035 2387 magni

27 2406 191 2481 tiendum
219 2431 311 2494 esse,
328 2409 392 2505 qui
416 2409 653 2483 scientiarum
679 2405 1022 2482 mathematicorum

27 2518 244 2594 rdcndarum
263 2521 476 2596 methodum
497 2524 637 2618 primus
654 2521 820 2596 tradidit.
857 2518 959 2591 Nihil
976 2519 1023 2590 ab

27 2633 202 2707 'chimede
216 2635 356 2709 editum
370 2659 447 2710 nou
459 2635 581 2710 laudo.
603 2633 806 2709 Consilium
820 2631 911 2705 mihi
924 2630 1024 2704 aliud

26 2769 52 2820 n
75 2759 146 2835 cst,
165 2771 275 2843 quam
298 2748 541 2822 arithmeticae
564 2762 602 2821 et
625 2747 785 2844 ulgebrae
811 2746 850 2818 in
874 2744 1026 2817 demon-

27 2858 142 2932 ’ondis
165 2861 480 2957 propositionibus
502 2885 594 2963 pure
610 2858 848 2958 geometricis
871 2858 1026 2931 abusum

27 2971 123 3062 lere,
143 2973 172 3081 si
191 2985 358 3070 potuero.
409 2974 512 3048 Vale.
