<?xml version="1.0" encoding="UTF-8"?>
<!DOCTYPE html PUBLIC "-//W3C//DTD XHTML 1.0 Transitional//EN"
    "http://www.w3.org/TR/xhtml1/DTD/xhtml1-transitional.dtd">
<html xmlns="http://www.w3.org/1999/xhtml" xml:lang="en" lang="en">
 <head>
  <title>
</title>
<meta http-equiv="Content-Type" content="text/html;charset=utf-8" />
  <meta name='ocr-system' content='tesseract 3.04.00' />
  <meta name='ocr-capabilities' content='ocr_page ocr_carea ocr_par ocr_line ocrx_word'/>
</head>
<body>
  <div class='ocr_page' id='page_1' title='image "./thomhobbesmalme03hobbgoog_0124.png"; bbox 0 0 2618 5092; ppageno 0'>
   <div class='ocr_carea' id='block_1_1' title="bbox 279 645 1098 714">
    <p class='ocr_par' dir='ltr' id='par_1_1' title="bbox 279 645 1098 714">
     <span class='ocr_line' id='line_1_1' title="bbox 279 645 1098 714; baseline 0 -2"><span class='ocrx_word' id='word_1_1' title='bbox 279 659 601 714; x_wconf 77' lang='lat' dir='ltr'><strong>srarnuuarrcn</strong></span> <span class='ocrx_word' id='word_1_2' title='bbox 620 659 867 712; x_wconf 80' lang='lat' dir='ltr'><strong>noornnnn.</strong></span> <span class='ocrx_word' id='word_1_3' title='bbox 1029 645 1098 712; x_wconf 89' lang='lat'><strong>109</strong></span> 
     </span>
    </p>
   </div>
   <div class='ocr_carea' id='block_1_2' title="bbox 66 825 1258 2052">
    <p class='ocr_par' dir='ltr' id='par_1_2' title="bbox 66 825 1258 2052">
     <span class='ocr_line' id='line_1_2' title="bbox 105 825 1258 924; baseline -0.007 -26"><span class='ocrx_word' id='word_1_4' title='bbox 105 825 146 899; x_wconf 89' lang='lat' dir='ltr'><strong>B.</strong></span> <span class='ocrx_word' id='word_1_5' title='bbox 171 825 247 900; x_wconf 90' lang='lat' dir='ltr'><strong>Sed</strong></span> <span class='ocrx_word' id='word_1_6' title='bbox 265 826 455 923; x_wconf 91' lang='lat' dir='ltr'><strong>quomodo</strong></span> <span class='ocrx_word' id='word_1_7' title='bbox 474 826 693 924; x_wconf 86' lang='lat' dir='ltr'><strong>corrigenda</strong></span> <span class='ocrx_word' id='word_1_8' title='bbox 709 827 794 901; x_wconf 85' lang='lat' dir='ltr'><strong>est?</strong></span> <span class='ocrx_word' id='word_1_9' title='bbox 1140 849 1258 892; x_wconf 76' lang='lat' dir='ltr'><strong>nmmo</strong></span> 
     </span>
     <span class='ocr_line' id='line_1_3' title="bbox 106 932 1258 1039; baseline -0.002 -27"><span class='ocrx_word' id='word_1_10' title='bbox 106 940 150 1012; x_wconf 86' lang='grc' dir='ltr'><strong>Α.</strong></span> <span class='ocrx_word' id='word_1_11' title='bbox 176 939 252 1013; x_wconf 88' lang='lat' dir='ltr'><strong>Sic.</strong></span> <span class='ocrx_word' id='word_1_12' title='bbox 285 938 670 1013; x_wconf 79' lang='lat' dir='ltr'><strong>Numeroanumerum</strong></span> <span class='ocrx_word' id='word_1_13' title='bbox 683 938 937 1037; x_wconf 81' lang='lat' dir='ltr'><strong>multiplicare</strong></span> <span class='ocrx_word' id='word_1_14' title='bbox 948 938 1101 1029; x_wconf 80' lang='lat' dir='ltr'><strong>dicitur,</strong></span> <span class='ocrx_word' id='word_1_15' title='bbox 1143 932 1258 1039; x_wconf 45' lang='lat'>»¹2¹-</span> 
     </span>
     <span class='ocr_line' id='line_1_4' title="bbox 67 1052 1104 1151; baseline -0.001 -26"><span class='ocrx_word' id='word_1_16' title='bbox 67 1052 196 1150; x_wconf 70' lang='lat' dir='ltr'><strong>quundo</strong></span> <span class='ocrx_word' id='word_1_17' title='bbox 211 1062 306 1151; x_wconf 82' lang='lat' dir='ltr'><strong>quot</strong></span> <span class='ocrx_word' id='word_1_18' title='bbox 321 1061 409 1125; x_wconf 80' lang='lat' dir='ltr'><strong>cont</strong></span> <span class='ocrx_word' id='word_1_19' title='bbox 426 1052 464 1125; x_wconf 82' lang='lat' dir='ltr'><strong>io</strong></span> <span class='ocrx_word' id='word_1_20' title='bbox 482 1052 549 1126; x_wconf 82' lang='lat' dir='ltr'><strong>illo</strong></span> <span class='ocrx_word' id='word_1_21' title='bbox 561 1053 736 1142; x_wconf 81' lang='lat' dir='ltr'><strong>unitates,</strong></span> <span class='ocrx_word' id='word_1_22' title='bbox 749 1052 861 1125; x_wconf 80' lang='lat' dir='ltr'><strong>toties</strong></span> <span class='ocrx_word' id='word_1_23' title='bbox 875 1052 1104 1149; x_wconf 80' lang='lat' dir='ltr'><em>componitur</em></span> 
     </span>
     <span class='ocr_line' id='line_1_5' title="bbox 66 1163 419 1263; baseline -0.006 -25"><span class='ocrx_word' id='word_1_24' title='bbox 66 1164 123 1250; x_wconf 78' lang='lat' dir='ltr'><strong>tic,</strong></span> <span class='ocrx_word' id='word_1_25' title='bbox 138 1175 176 1238; x_wconf 87' lang='lat' dir='ltr'><strong>ct</strong></span> <span class='ocrx_word' id='word_1_26' title='bbox 191 1163 337 1263; x_wconf 75' lang='lat' dir='ltr'><strong>uliquis</strong></span> <span class='ocrx_word' id='word_1_27' title='bbox 351 1166 419 1260; x_wconf 83' lang='lat' dir='ltr'><strong>fit.</strong></span> 
     </span>
     <span class='ocr_line' id='line_1_6' title="bbox 105 1277 1105 1374; baseline 0.002 -25"><span class='ocrx_word' id='word_1_28' title='bbox 105 1277 148 1352; x_wconf 89' lang='lat' dir='ltr'><strong>B.</strong></span> <span class='ocrx_word' id='word_1_29' title='bbox 173 1280 318 1357; x_wconf 74' lang='lat' dir='ltr'><strong>Recte:</strong></span> <span class='ocrx_word' id='word_1_30' title='bbox 350 1290 388 1351; x_wconf 94' lang='lat' dir='ltr'><strong>et</strong></span> <span class='ocrx_word' id='word_1_31' title='bbox 417 1290 495 1351; x_wconf 91' lang='lat' dir='ltr'><strong>tam</strong></span> <span class='ocrx_word' id='word_1_32' title='bbox 524 1302 639 1374; x_wconf 84' lang='lat' dir='ltr'><strong>parva</strong></span> <span class='ocrx_word' id='word_1_33' title='bbox 670 1277 874 1350; x_wconf 85' lang='lat' dir='ltr'><strong>mutatione</strong></span> <span class='ocrx_word' id='word_1_34' title='bbox 908 1277 1105 1351; x_wconf 88' lang='lat' dir='ltr'><strong>emendata</strong></span> 
     </span>
     <span class='ocr_line' id='line_1_7' title="bbox 67 1390 1105 1489; baseline 0.001 -25"><span class='ocrx_word' id='word_1_35' title='bbox 67 1404 121 1480; x_wconf 86' lang='lat' dir='ltr'><strong>est,</strong></span> <span class='ocrx_word' id='word_1_36' title='bbox 135 1405 178 1466; x_wconf 89' lang='lat' dir='ltr'><strong>nt</strong></span> <span class='ocrx_word' id='word_1_37' title='bbox 200 1393 280 1466; x_wconf 90' lang='lat' dir='ltr'><strong>sine</strong></span> <span class='ocrx_word' id='word_1_38' title='bbox 303 1391 382 1464; x_wconf 91' lang='lat' dir='ltr'><strong>ullo</strong></span> <span class='ocrx_word' id='word_1_39' title='bbox 405 1391 619 1489; x_wconf 88' lang='lat' dir='ltr'><strong>geometriae</strong></span> <span class='ocrx_word' id='word_1_40' title='bbox 647 1391 795 1479; x_wconf 90' lang='lat' dir='ltr'><strong>damno,</strong></span> <span class='ocrx_word' id='word_1_41' title='bbox 817 1390 887 1463; x_wconf 88' lang='lat' dir='ltr'><strong>etsi</strong></span> <span class='ocrx_word' id='word_1_42' title='bbox 911 1403 1105 1486; x_wconf 89' lang='lat' dir='ltr'><strong>peccatum</strong></span> 
     </span>
     <span class='ocr_line' id='line_1_8' title="bbox 67 1501 815 1600; baseline -0.003 -24"><span class='ocrx_word' id='word_1_43' title='bbox 67 1503 105 1576; x_wconf 85' lang='lat' dir='ltr'><strong>sit</strong></span> <span class='ocrx_word' id='word_1_44' title='bbox 118 1514 247 1578; x_wconf 88' lang='lat' dir='ltr'><strong>contra</strong></span> <span class='ocrx_word' id='word_1_45' title='bbox 261 1503 436 1600; x_wconf 76' lang='lat' dir='ltr'>logicam,</span> <span class='ocrx_word' id='word_1_46' title='bbox 454 1504 635 1599; x_wconf 88' lang='lat' dir='ltr'><strong>potuisset</strong></span> <span class='ocrx_word' id='word_1_47' title='bbox 652 1501 815 1576; x_wconf 88' lang='lat' dir='ltr'><strong>retineri.</strong></span> 
     </span>
     <span class='ocr_line' id='line_1_9' title="bbox 106 1616 1104 1713; baseline 0.004 -25"><span class='ocrx_word' id='word_1_48' title='bbox 106 1616 148 1691; x_wconf 77' lang='lat' dir='ltr'><strong>A.</strong></span> <span class='ocrx_word' id='word_1_49' title='bbox 173 1618 299 1692; x_wconf 86' lang='lat' dir='ltr'><strong>Etiam</strong></span> <span class='ocrx_word' id='word_1_50' title='bbox 332 1617 565 1690; x_wconf 86' lang='lat' dir='ltr'><strong>retinebitur.</strong></span> <span class='ocrx_word' id='word_1_51' title='bbox 635 1616 793 1712; x_wconf 86' lang='lat' dir='ltr'>Reliqua</span> <span class='ocrx_word' id='word_1_52' title='bbox 829 1616 961 1713; x_wconf 88' lang='lat' dir='ltr'><strong>capitis</strong></span> <span class='ocrx_word' id='word_1_53' title='bbox 995 1616 1104 1712; x_wconf 91' lang='lat' dir='ltr'><strong>hujus</strong></span> 
     </span>
     <span class='ocr_line' id='line_1_10' title="bbox 69 1728 1103 1828; baseline 0.001 -25"><span class='ocrx_word' id='word_1_54' title='bbox 69 1728 179 1804; x_wconf 82' lang='lat' dir='ltr'><strong>eadem</strong></span> <span class='ocrx_word' id='word_1_55' title='bbox 206 1741 295 1805; x_wconf 89' lang='lat' dir='ltr'><strong>sunt</strong></span> <span class='ocrx_word' id='word_1_56' title='bbox 323 1755 407 1828; x_wconf 88' lang='lat' dir='ltr'><strong>quae</strong></span> <span class='ocrx_word' id='word_1_57' title='bbox 431 1731 544 1828; x_wconf 87' lang='lat' dir='ltr'><strong>vulgo</strong></span> <span class='ocrx_word' id='word_1_58' title='bbox 571 1730 783 1815; x_wconf 89' lang='lat' dir='ltr'><strong>traduntur,</strong></span> <span class='ocrx_word' id='word_1_59' title='bbox 810 1729 875 1802; x_wconf 91' lang='lat' dir='ltr'><strong>sed</strong></span> <span class='ocrx_word' id='word_1_60' title='bbox 901 1730 1103 1820; x_wconf 72' lang='lat' dir='ltr'><strong>verbosius</strong></span> 
     </span>
     <span class='ocr_line' id='line_1_11' title="bbox 68 1841 1104 1941; baseline 0.001 -25"><span class='ocrx_word' id='word_1_61' title='bbox 68 1843 216 1941; x_wconf 87' lang='lat' dir='ltr'><strong>adeoque</strong></span> <span class='ocrx_word' id='word_1_62' title='bbox 242 1844 437 1919; x_wconf 86' lang='lat' dir='ltr'><strong>obscurius</strong></span> <span class='ocrx_word' id='word_1_63' title='bbox 466 1846 513 1918; x_wconf 92' lang='lat' dir='ltr'><strong>ab</strong></span> <span class='ocrx_word' id='word_1_64' title='bbox 530 1844 708 1917; x_wconf 89' lang='lat' dir='ltr'><strong>Wallisio.</strong></span> <span class='ocrx_word' id='word_1_65' title='bbox 763 1841 874 1917; x_wconf 78' lang='lat' dir='ltr'><strong>Quod</strong></span> <span class='ocrx_word' id='word_1_66' title='bbox 899 1855 1025 1916; x_wconf 89' lang='lat' dir='ltr'><strong>autem</strong></span> <span class='ocrx_word' id='word_1_67' title='bbox 1056 1844 1104 1917; x_wconf 87' lang='lat' dir='ltr'><strong>ad</strong></span> 
     </span>
     <span class='ocr_line' id='line_1_12' title="bbox 70 1954 1104 2052; baseline 0.002 -25"><span class='ocrx_word' id='word_1_68' title='bbox 70 1959 275 2052; x_wconf 83' lang='lat' dir='ltr'><strong>operationis</strong></span> <span class='ocrx_word' id='word_1_69' title='bbox 289 1958 643 2031; x_wconf 84' lang='lat' dir='ltr'><strong>demonstrationem</strong></span> <span class='ocrx_word' id='word_1_70' title='bbox 657 1956 815 2029; x_wconf 83' lang='lat' dir='ltr'><strong>attinere</strong></span> <span class='ocrx_word' id='word_1_71' title='bbox 824 1954 1005 2044; x_wconf 87' lang='lat' dir='ltr'><strong>videatur,</strong></span> <span class='ocrx_word' id='word_1_72' title='bbox 1012 1956 1104 2029; x_wconf 93' lang='lat' dir='ltr'><strong>nihil</strong></span> 
     </span>
    </p>
   </div>
   <div class='ocr_carea' id='block_1_3' title="bbox 13 2069 1104 2507">
    <p class='ocr_par' dir='ltr' id='par_1_3' title="bbox 68 2069 1104 2393">
     <span class='ocr_line' id='line_1_13' title="bbox 70 2069 1104 2168; baseline -0.001 -25"><span class='ocrx_word' id='word_1_73' title='bbox 70 2070 181 2156; x_wconf 77' lang='lat' dir='ltr'><strong>affert3</strong></span> <span class='ocrx_word' id='word_1_74' title='bbox 207 2094 330 2168; x_wconf 89' lang='lat' dir='ltr'><strong>neque</strong></span> <span class='ocrx_word' id='word_1_75' title='bbox 354 2093 442 2143; x_wconf 91' lang='lat' dir='ltr'><strong>vero</strong></span> <span class='ocrx_word' id='word_1_76' title='bbox 470 2094 562 2167; x_wconf 90' lang='lat' dir='ltr'><strong>opus</strong></span> <span class='ocrx_word' id='word_1_77' title='bbox 591 2080 671 2142; x_wconf 91' lang='lat' dir='ltr'><strong>erat</strong></span> <span class='ocrx_word' id='word_1_78' title='bbox 696 2080 737 2141; x_wconf 91' lang='lat' dir='ltr'><strong>ut</strong></span> <span class='ocrx_word' id='word_1_79' title='bbox 762 2069 922 2156; x_wconf 87' lang='lat' dir='ltr'><strong>afferret,</strong></span> <span class='ocrx_word' id='word_1_80' title='bbox 946 2092 1043 2157; x_wconf 91' lang='lat' dir='ltr'><strong>cum,</strong></span> <span class='ocrx_word' id='word_1_81' title='bbox 1061 2082 1104 2142; x_wconf 93' lang='lat' dir='ltr'><strong>ut</strong></span> 
     </span>
     <span class='ocr_line' id='line_1_14' title="bbox 68 2180 1103 2281; baseline -0.001 -25"><span class='ocrx_word' id='word_1_82' title='bbox 68 2182 128 2276; x_wconf 87' lang='lat' dir='ltr'><strong>jam</strong></span> <span class='ocrx_word' id='word_1_83' title='bbox 143 2184 278 2281; x_wconf 86' lang='lat' dir='ltr'><strong>saepius</strong></span> <span class='ocrx_word' id='word_1_84' title='bbox 296 2183 385 2273; x_wconf 87' lang='lat' dir='ltr'><strong>dixi,</strong></span> <span class='ocrx_word' id='word_1_85' title='bbox 412 2183 492 2279; x_wconf 91' lang='lat' dir='ltr'><strong>ipsa</strong></span> <span class='ocrx_word' id='word_1_86' title='bbox 509 2183 675 2280; x_wconf 90' lang='lat' dir='ltr'><strong>operatio</strong></span> <span class='ocrx_word' id='word_1_87' title='bbox 698 2180 865 2278; x_wconf 87' lang='lat' dir='ltr'><strong>perfecta</strong></span> <span class='ocrx_word' id='word_1_88' title='bbox 882 2182 931 2253; x_wconf 91' lang='lat' dir='ltr'><strong>sit</strong></span> <span class='ocrx_word' id='word_1_89' title='bbox 948 2180 1103 2277; x_wconf 68' lang='lat' dir='ltr'><strong>perfecti</strong></span> 
     </span>
     <span class='ocr_line' id='line_1_15' title="bbox 71 2296 470 2393; baseline 0.005 -26"><span class='ocrx_word' id='word_1_90' title='bbox 71 2298 172 2393; x_wconf 89' lang='lat' dir='ltr'><strong>operis</strong></span> <span class='ocrx_word' id='word_1_91' title='bbox 190 2296 470 2371; x_wconf 86' lang='lat' dir='ltr'><strong>demonstratio.</strong></span> 
     </span>
    </p>

    <p class='ocr_par' dir='ltr' id='par_1_4' title="bbox 13 2406 896 2507">
     <span class='ocr_line' id='line_1_16' title="bbox 13 2406 896 2507; baseline -0.003 -27"><span class='ocrx_word' id='word_1_92' title='bbox 13 2448 15 2455; x_wconf 95' lang='lat'>·</span> <span class='ocrx_word' id='word_1_93' title='bbox 106 2407 149 2483; x_wconf 85' lang='lat' dir='ltr'><strong>B.</strong></span> <span class='ocrx_word' id='word_1_94' title='bbox 175 2409 355 2507; x_wconf 87' lang='lat' dir='ltr'><strong>Sequitur</strong></span> <span class='ocrx_word' id='word_1_95' title='bbox 372 2408 492 2505; x_wconf 88' lang='lat' dir='ltr'><strong>Caput</strong></span> <span class='ocrx_word' id='word_1_96' title='bbox 509 2409 597 2495; x_wconf 75' lang='lat' dir='ltr'><strong>xix,</strong></span> <span class='ocrx_word' id='word_1_97' title='bbox 614 2407 676 2481; x_wconf 88' lang='lat' dir='ltr'><strong>De</strong></span> <span class='ocrx_word' id='word_1_98' title='bbox 690 2406 896 2481; x_wconf 72' lang='lat' dir='ltr'><strong>Diuisione.</strong></span> 
     </span>
    </p>
   </div>
   <div class='ocr_carea' id='block_1_4' title="bbox 13 2520 1118 4653">
    <p class='ocr_par' dir='ltr' id='par_1_5' title="bbox 13 2520 1102 2957">
     <span class='ocr_line' id='line_1_17' title="bbox 13 2520 1102 2618; baseline 0 -26"><span class='ocrx_word' id='word_1_99' title='bbox 13 2542 15 2557; x_wconf 90' lang='lat'>·</span> <span class='ocrx_word' id='word_1_100' title='bbox 105 2520 147 2595; x_wconf 78' lang='lat' dir='ltr'><strong>A.</strong></span> <span class='ocrx_word' id='word_1_101' title='bbox 174 2522 278 2596; x_wconf 89' lang='lat' dir='ltr'><strong>Nihil</strong></span> <span class='ocrx_word' id='word_1_102' title='bbox 313 2522 375 2595; x_wconf 92' lang='lat' dir='ltr'><strong>hic</strong></span> <span class='ocrx_word' id='word_1_103' title='bbox 404 2521 513 2595; x_wconf 91' lang='lat' dir='ltr'><strong>video</strong></span> <span class='ocrx_word' id='word_1_104' title='bbox 543 2522 631 2594; x_wconf 86' lang='lat' dir='ltr'><strong>novi</strong></span> <span class='ocrx_word' id='word_1_105' title='bbox 659 2533 796 2618; x_wconf 87' lang='lat' dir='ltr'><strong>praeter</strong></span> <span class='ocrx_word' id='word_1_106' title='bbox 827 2521 999 2593; x_wconf 91' lang='lat' dir='ltr'><strong>tritarum</strong></span> <span class='ocrx_word' id='word_1_107' title='bbox 1024 2522 1102 2614; x_wconf 87' lang='lat' dir='ltr'><strong>jam</strong></span> 
     </span>
     <span class='ocr_line' id='line_1_18' title="bbox 68 2633 1102 2732; baseline -0.002 -25"><span class='ocrx_word' id='word_1_108' title='bbox 68 2636 213 2709; x_wconf 89' lang='lat' dir='ltr'><strong>omnium</strong></span> <span class='ocrx_word' id='word_1_109' title='bbox 231 2635 402 2709; x_wconf 89' lang='lat' dir='ltr'><strong>manibus</strong></span> <span class='ocrx_word' id='word_1_110' title='bbox 419 2635 631 2732; x_wconf 85' lang='lat' dir='ltr'><strong>regularum</strong></span> <span class='ocrx_word' id='word_1_111' title='bbox 648 2634 934 2709; x_wconf 87' lang='lat' dir='ltr'><strong>declarationem</strong></span> <span class='ocrx_word' id='word_1_112' title='bbox 953 2633 1102 2730; x_wconf 84' lang='lat' dir='ltr'><strong>longam</strong></span> 
     </span>
     <span class='ocr_line' id='line_1_19' title="bbox 67 2746 1101 2846; baseline 0.001 -28"><span class='ocrx_word' id='word_1_113' title='bbox 67 2758 96 2820; x_wconf 90' lang='lat' dir='ltr'><strong>et</strong></span> <span class='ocrx_word' id='word_1_114' title='bbox 108 2747 290 2846; x_wconf 75' lang='lat' dir='ltr'><strong>frigidam,</strong></span> <span class='ocrx_word' id='word_1_115' title='bbox 309 2760 360 2837; x_wconf 91' lang='lat' dir='ltr'><strong>et,</strong></span> <span class='ocrx_word' id='word_1_116' title='bbox 379 2748 560 2845; x_wconf 90' lang='lat' dir='ltr'><strong>siquidem</strong></span> <span class='ocrx_word' id='word_1_117' title='bbox 584 2747 623 2820; x_wconf 93' lang='lat' dir='ltr'><strong>id</strong></span> <span class='ocrx_word' id='word_1_118' title='bbox 650 2748 718 2820; x_wconf 90' lang='lat' dir='ltr'><strong>tibi</strong></span> <span class='ocrx_word' id='word_1_119' title='bbox 746 2747 888 2844; x_wconf 90' lang='lat' dir='ltr'><strong>aliquid</strong></span> <span class='ocrx_word' id='word_1_120' title='bbox 904 2746 1101 2836; x_wconf 90' lang='lat' dir='ltr'><strong>videbitur,</strong></span> 
     </span>
     <span class='ocr_line' id='line_1_20' title="bbox 66 2860 871 2957; baseline -0.007 -21"><span class='ocrx_word' id='word_1_121' title='bbox 66 2862 274 2957; x_wconf 83' lang='lat' dir='ltr'><strong>operationis</strong></span> <span class='ocrx_word' id='word_1_122' title='bbox 292 2861 451 2935; x_wconf 87' lang='lat' dir='ltr'><strong>formam</strong></span> <span class='ocrx_word' id='word_1_123' title='bbox 469 2861 663 2957; x_wconf 87' lang='lat' dir='ltr'><strong>aliquoties</strong></span> <span class='ocrx_word' id='word_1_124' title='bbox 681 2860 871 2933; x_wconf 88' lang='lat' dir='ltr'><strong>variatam.</strong></span> 
     </span>
    </p>

    <p class='ocr_par' dir='ltr' id='par_1_6' title="bbox 58 2973 1118 4200">
     <span class='ocr_line' id='line_1_21' title="bbox 104 2973 1118 3073; baseline -0.005 -25"><span class='ocrx_word' id='word_1_125' title='bbox 104 2975 150 3050; x_wconf 92' lang='lat' dir='ltr'><strong>B.</strong></span> <span class='ocrx_word' id='word_1_126' title='bbox 175 2974 414 3073; x_wconf 89' lang='lat' dir='ltr'><strong>Operationis</strong></span> <span class='ocrx_word' id='word_1_127' title='bbox 425 2974 581 3072; x_wconf 87' lang='lat' dir='ltr'><strong>alicujus</strong></span> <span class='ocrx_word' id='word_1_128' title='bbox 592 2975 749 3048; x_wconf 85' lang='lat' dir='ltr'><strong>formam</strong></span> <span class='ocrx_word' id='word_1_129' title='bbox 758 2973 903 3046; x_wconf 81' lang='lat' dir='ltr'><strong>variare</strong></span> <span class='ocrx_word' id='word_1_130' title='bbox 917 2996 990 3045; x_wconf 92' lang='lat' dir='ltr'><strong>non</strong></span> <span class='ocrx_word' id='word_1_131' title='bbox 1003 2973 1118 3068; x_wconf 72' lang='lat' dir='ltr'><strong>equi·</strong></span> 
     </span>
     <span class='ocr_line' id='line_1_22' title="bbox 64 3085 1103 3185; baseline -0.003 -26"><span class='ocrx_word' id='word_1_132' title='bbox 64 3085 135 3162; x_wconf 90' lang='lat' dir='ltr'><strong>dem</strong></span> <span class='ocrx_word' id='word_1_133' title='bbox 147 3089 298 3163; x_wconf 89' lang='lat' dir='ltr'><strong>difficile</strong></span> <span class='ocrx_word' id='word_1_134' title='bbox 311 3112 391 3162; x_wconf 91' lang='lat' dir='ltr'><strong>esse</strong></span> <span class='ocrx_word' id='word_1_135' title='bbox 404 3089 564 3163; x_wconf 88' lang='lat' dir='ltr'><strong>arbitror</strong></span> <span class='ocrx_word' id='word_1_136' title='bbox 576 3089 633 3177; x_wconf 91' lang='lat' dir='ltr'><strong>iis,</strong></span> <span class='ocrx_word' id='word_1_137' title='bbox 648 3089 711 3185; x_wconf 92' lang='lat' dir='ltr'><strong>qui</strong></span> <span class='ocrx_word' id='word_1_138' title='bbox 724 3088 881 3160; x_wconf 88' lang='lat' dir='ltr'><strong>formam</strong></span> <span class='ocrx_word' id='word_1_139' title='bbox 894 3087 973 3181; x_wconf 89' lang='lat' dir='ltr'><strong>ejus</strong></span> <span class='ocrx_word' id='word_1_140' title='bbox 991 3109 1103 3157; x_wconf 90' lang='lat' dir='ltr'><strong>unam</strong></span> 
     </span>
     <span class='ocr_line' id='line_1_23' title="bbox 62 3197 1102 3300; baseline -0.004 -26"><span class='ocrx_word' id='word_1_141' title='bbox 62 3201 210 3299; x_wconf 89' lang='lat' dir='ltr'><strong>aliquam</strong></span> <span class='ocrx_word' id='word_1_142' title='bbox 233 3205 315 3300; x_wconf 89' lang='lat' dir='ltr'><strong>jam</strong></span> <span class='ocrx_word' id='word_1_143' title='bbox 340 3201 563 3298; x_wconf 87' lang='lat' dir='ltr'><strong>intelligunt,</strong></span> <span class='ocrx_word' id='word_1_144' title='bbox 582 3201 613 3274; x_wconf 91' lang='lat' dir='ltr'><strong>si</strong></span> <span class='ocrx_word' id='word_1_145' title='bbox 634 3212 760 3274; x_wconf 87' lang='lat' dir='ltr'><strong>tamen</strong></span> <span class='ocrx_word' id='word_1_146' title='bbox 783 3199 855 3272; x_wconf 89' lang='lat' dir='ltr'><strong>alio</strong></span> <span class='ocrx_word' id='word_1_147' title='bbox 874 3197 1003 3270; x_wconf 89' lang='lat' dir='ltr'><strong>etalio</strong></span> <span class='ocrx_word' id='word_1_148' title='bbox 1021 3197 1102 3271; x_wconf 92' lang='lat' dir='ltr'><strong>loco</strong></span> 
     </span>
     <span class='ocr_line' id='line_1_24' title="bbox 61 3310 1102 3411; baseline -0.007 -22"><span class='ocrx_word' id='word_1_149' title='bbox 61 3317 212 3391; x_wconf 83' lang='lat' dir='ltr'><strong>scribere</strong></span> <span class='ocrx_word' id='word_1_150' title='bbox 236 3313 435 3403; x_wconf 88' lang='lat' dir='ltr'><strong>residuam,</strong></span> <span class='ocrx_word' id='word_1_151' title='bbox 452 3315 512 3388; x_wconf 88' lang='lat' dir='ltr'><strong>vel</strong></span> <span class='ocrx_word' id='word_1_152' title='bbox 528 3315 601 3389; x_wconf 82' lang='lat' dir='ltr'><strong>ulio</strong></span> <span class='ocrx_word' id='word_1_153' title='bbox 618 3327 731 3411; x_wconf 88' lang='lat' dir='ltr'><strong>atque</strong></span> <span class='ocrx_word' id='word_1_154' title='bbox 749 3313 821 3387; x_wconf 89' lang='lat' dir='ltr'><strong>alio</strong></span> <span class='ocrx_word' id='word_1_155' title='bbox 839 3310 949 3385; x_wconf 93' lang='lat' dir='ltr'><strong>modo</strong></span> <span class='ocrx_word' id='word_1_156' title='bbox 968 3310 1102 3383; x_wconf 89' lang='lat' dir='ltr'><strong>diviso-</strong></span> 
     </span>
     <span class='ocr_line' id='line_1_25' title="bbox 60 3425 1102 3525; baseline -0.004 -23"><span class='ocrx_word' id='word_1_157' title='bbox 60 3449 128 3501; x_wconf 86' lang='lat' dir='ltr'><strong>rem</strong></span> <span class='ocrx_word' id='word_1_158' title='bbox 144 3428 392 3525; x_wconf 87' lang='lat' dir='ltr'><strong>multiplicare</strong></span> <span class='ocrx_word' id='word_1_159' title='bbox 410 3439 449 3501; x_wconf 89' lang='lat' dir='ltr'><strong>et</strong></span> <span class='ocrx_word' id='word_1_160' title='bbox 466 3427 684 3516; x_wconf 89' lang='lat' dir='ltr'><strong>subducere,</strong></span> <span class='ocrx_word' id='word_1_161' title='bbox 703 3427 860 3499; x_wconf 85' lang='lat' dir='ltr'><strong>formam</strong></span> <span class='ocrx_word' id='word_1_162' title='bbox 878 3425 1102 3521; x_wconf 88' lang='lat' dir='ltr'><strong>operationis</strong></span> 
     </span>
     <span class='ocr_line' id='line_1_26' title="bbox 59 3537 1102 3615; baseline -0.002 -3"><span class='ocrx_word' id='word_1_163' title='bbox 59 3562 182 3615; x_wconf 85' lang='lat' dir='ltr'><strong>novam</strong></span> <span class='ocrx_word' id='word_1_164' title='bbox 213 3541 440 3615; x_wconf 89' lang='lat' dir='ltr'><strong>constituere</strong></span> <span class='ocrx_word' id='word_1_165' title='bbox 462 3540 661 3614; x_wconf 91' lang='lat' dir='ltr'><strong>dicendum</strong></span> <span class='ocrx_word' id='word_1_166' title='bbox 687 3540 747 3612; x_wconf 89' lang='lat' dir='ltr'><strong>sit.</strong></span> <span class='ocrx_word' id='word_1_167' title='bbox 800 3537 1040 3611; x_wconf 89' lang='lat' dir='ltr'><strong>Additionem</strong></span> <span class='ocrx_word' id='word_1_168' title='bbox 1064 3549 1102 3610; x_wconf 90' lang='lat' dir='ltr'><strong>et</strong></span> 
     </span>
     <span class='ocr_line' id='line_1_27' title="bbox 58 3653 1101 3750; baseline -0.002 -24"><span class='ocrx_word' id='word_1_169' title='bbox 58 3655 334 3729; x_wconf 91' lang='lat' dir='ltr'><strong>subductionem</strong></span> <span class='ocrx_word' id='word_1_170' title='bbox 363 3653 529 3727; x_wconf 86' lang='lat' dir='ltr'><strong>radicum</strong></span> <span class='ocrx_word' id='word_1_171' title='bbox 554 3654 852 3750; x_wconf 88' lang='lat' dir='ltr'><strong>quadraticarum</strong></span> <span class='ocrx_word' id='word_1_172' title='bbox 878 3654 1101 3748; x_wconf 87' lang='lat' dir='ltr'><strong>praetermis-</strong></span> 
     </span>
     <span class='ocr_line' id='line_1_28' title="bbox 58 3765 1102 3860; baseline -0.005 -18"><span class='ocrx_word' id='word_1_173' title='bbox 58 3790 128 3842; x_wconf 86' lang='lat' dir='ltr'><strong>sam</strong></span> <span class='ocrx_word' id='word_1_174' title='bbox 144 3770 191 3842; x_wconf 91' lang='lat' dir='ltr'><strong>ab</strong></span> <span class='ocrx_word' id='word_1_175' title='bbox 210 3766 377 3841; x_wconf 86' lang='lat' dir='ltr'><strong>Wallisio</strong></span> <span class='ocrx_word' id='word_1_176' title='bbox 395 3767 433 3840; x_wconf 94' lang='lat' dir='ltr'><strong>in</strong></span> <span class='ocrx_word' id='word_1_177' title='bbox 452 3766 550 3839; x_wconf 91' lang='lat' dir='ltr'><strong>hunc</strong></span> <span class='ocrx_word' id='word_1_178' title='bbox 572 3767 695 3840; x_wconf 91' lang='lat' dir='ltr'><strong>locum</strong></span> <span class='ocrx_word' id='word_1_179' title='bbox 713 3765 883 3860; x_wconf 86' lang='lat' dir='ltr'><strong>rejecisti.</strong></span> <span class='ocrx_word' id='word_1_180' title='bbox 937 3765 1102 3838; x_wconf 89' lang='lat' dir='ltr'><strong>Ostende</strong></span> 
     </span>
     <span class='ocr_line' id='line_1_29' title="bbox 58 3877 1099 3978; baseline -0.002 -26"><span class='ocrx_word' id='word_1_181' title='bbox 58 3903 138 3978; x_wconf 87' lang='lat' dir='ltr'><strong>ergo</strong></span> <span class='ocrx_word' id='word_1_182' title='bbox 164 3904 278 3970; x_wconf 92' lang='lat' dir='ltr'><strong>nunc,</strong></span> <span class='ocrx_word' id='word_1_183' title='bbox 298 3903 371 3976; x_wconf 90' lang='lat' dir='ltr'><strong>qua</strong></span> <span class='ocrx_word' id='word_1_184' title='bbox 395 3878 571 3952; x_wconf 90' lang='lat' dir='ltr'><strong>methodo</strong></span> <span class='ocrx_word' id='word_1_185' title='bbox 599 3879 833 3975; x_wconf 88' lang='lat' dir='ltr'><strong>operationes</strong></span> <span class='ocrx_word' id='word_1_186' title='bbox 857 3877 931 3951; x_wconf 85' lang='lat' dir='ltr'><strong>illae</strong></span> <span class='ocrx_word' id='word_1_187' title='bbox 956 3879 1099 3975; x_wconf 89' lang='lat' dir='ltr'><strong>perfici-</strong></span> 
     </span>
     <span class='ocr_line' id='line_1_30' title="bbox 58 3991 1101 4086; baseline -0.003 -21"><span class='ocrx_word' id='word_1_188' title='bbox 58 4010 159 4068; x_wconf 88' lang='lat' dir='ltr'><strong>antur</strong></span> <span class='ocrx_word' id='word_1_189' title='bbox 182 3991 493 4081; x_wconf 84' lang='lat' dir='ltr'><strong>commodissime,</strong></span> <span class='ocrx_word' id='word_1_190' title='bbox 512 3991 550 4064; x_wconf 91' lang='lat' dir='ltr'><strong>id</strong></span> <span class='ocrx_word' id='word_1_191' title='bbox 576 4003 645 4080; x_wconf 89' lang='lat' dir='ltr'><strong>est,</strong></span> <span class='ocrx_word' id='word_1_192' title='bbox 663 3991 727 4063; x_wconf 93' lang='lat' dir='ltr'><strong>ubi</strong></span> <span class='ocrx_word' id='word_1_193' title='bbox 741 3992 821 4063; x_wconf 87' lang='lat' dir='ltr'><strong>fieri</strong></span> <span class='ocrx_word' id='word_1_194' title='bbox 839 4001 973 4086; x_wconf 88' lang='lat' dir='ltr'><strong>potest,</strong></span> <span class='ocrx_word' id='word_1_195' title='bbox 992 4015 1101 4064; x_wconf 89' lang='lat' dir='ltr'><strong>accu-</strong></span> 
     </span>
     <span class='ocr_line' id='line_1_31' title="bbox 58 4104 1099 4200; baseline -0.004 -20"><span class='ocrx_word' id='word_1_196' title='bbox 58 4108 255 4188; x_wconf 88' lang='lat' dir='ltr'><strong>ratissime;</strong></span> <span class='ocrx_word' id='word_1_197' title='bbox 274 4105 339 4177; x_wconf 90' lang='lat' dir='ltr'><strong>ubi</strong></span> <span class='ocrx_word' id='word_1_198' title='bbox 356 4105 435 4176; x_wconf 90' lang='lat' dir='ltr'><strong>fieri</strong></span> <span class='ocrx_word' id='word_1_199' title='bbox 452 4128 528 4177; x_wconf 92' lang='lat' dir='ltr'><strong>uon</strong></span> <span class='ocrx_word' id='word_1_200' title='bbox 545 4115 681 4200; x_wconf 91' lang='lat' dir='ltr'><strong>potest,</strong></span> <span class='ocrx_word' id='word_1_201' title='bbox 695 4128 780 4177; x_wconf 91' lang='lat' dir='ltr'><strong>cum</strong></span> <span class='ocrx_word' id='word_1_202' title='bbox 798 4104 949 4176; x_wconf 90' lang='lat' dir='ltr'><strong>minimo</strong></span> <span class='ocrx_word' id='word_1_203' title='bbox 964 4128 1099 4177; x_wconf 89' lang='lat' dir='ltr'><strong>errore.</strong></span> 
     </span>
    </p>

    <p class='ocr_par' dir='ltr' id='par_1_7' title="bbox 58 4217 1102 4653">
     <span class='ocr_line' id='line_1_32' title="bbox 100 4217 1100 4315; baseline -0.006 -19"><span class='ocrx_word' id='word_1_204' title='bbox 100 4223 149 4296; x_wconf 87' lang='grc' dir='ltr'><strong>Α.</strong></span> <span class='ocrx_word' id='word_1_205' title='bbox 176 4220 253 4294; x_wconf 88' lang='lat' dir='ltr'><strong>Sed</strong></span> <span class='ocrx_word' id='word_1_206' title='bbox 280 4217 551 4292; x_wconf 90' lang='lat' dir='ltr'><strong>ostendendum</strong></span> <span class='ocrx_word' id='word_1_207' title='bbox 568 4219 688 4315; x_wconf 90' lang='lat' dir='ltr'><strong>primo</strong></span> <span class='ocrx_word' id='word_1_208' title='bbox 706 4230 762 4290; x_wconf 90' lang='lat' dir='ltr'><strong>est</strong></span> <span class='ocrx_word' id='word_1_209' title='bbox 785 4218 971 4315; x_wconf 92' lang='lat' dir='ltr'><strong>quomodo</strong></span> <span class='ocrx_word' id='word_1_210' title='bbox 996 4217 1100 4290; x_wconf 87' lang='lat' dir='ltr'><strong>radix</strong></span> 
     </span>
     <span class='ocr_line' id='line_1_33' title="bbox 59 4330 1102 4430; baseline -0.006 -23"><span class='ocrx_word' id='word_1_211' title='bbox 59 4335 269 4430; x_wconf 89' lang='lat' dir='ltr'><strong>quadratiea</strong></span> <span class='ocrx_word' id='word_1_212' title='bbox 286 4330 564 4426; x_wconf 88' lang='lat' dir='ltr'><strong>multiplicanda</strong></span> <span class='ocrx_word' id='word_1_213' title='bbox 582 4331 630 4404; x_wconf 90' lang='lat' dir='ltr'><strong>sit</strong></span> <span class='ocrx_word' id='word_1_214' title='bbox 646 4356 714 4427; x_wconf 89' lang='lat' dir='ltr'><strong>per</strong></span> <span class='ocrx_word' id='word_1_215' title='bbox 730 4355 936 4404; x_wconf 88' lang='lat' dir='ltr'><strong>numerum.</strong></span> <span class='ocrx_word' id='word_1_216' title='bbox 991 4330 1102 4402; x_wconf 86' lang='lat' dir='ltr'><strong>Radi-</strong></span> 
     </span>
     <span class='ocr_line' id='line_1_34' title="bbox 58 4442 1101 4542; baseline -0.006 -23"><span class='ocrx_word' id='word_1_217' title='bbox 58 4471 129 4522; x_wconf 86' lang='lat' dir='ltr'><strong>cem</strong></span> <span class='ocrx_word' id='word_1_218' title='bbox 146 4461 274 4524; x_wconf 91' lang='lat' dir='ltr'><strong>autem</strong></span> <span class='ocrx_word' id='word_1_219' title='bbox 292 4469 358 4542; x_wconf 91' lang='lat' dir='ltr'><strong>per</strong></span> <span class='ocrx_word' id='word_1_220' title='bbox 374 4468 569 4518; x_wconf 90' lang='lat' dir='ltr'><strong>numerum</strong></span> <span class='ocrx_word' id='word_1_221' title='bbox 588 4444 857 4541; x_wconf 90' lang='lat' dir='ltr'><strong>multiplicandi</strong></span> <span class='ocrx_word' id='word_1_222' title='bbox 876 4443 1005 4537; x_wconf 83' lang='lat' dir='ltr'><strong>regula</strong></span> <span class='ocrx_word' id='word_1_223' title='bbox 1021 4442 1101 4514; x_wconf 84' lang='lat' dir='ltr'><strong>hoec</strong></span> 
     </span>
     <span class='ocr_line' id='line_1_35' title="bbox 59 4556 1101 4653; baseline -0.007 -18"><span class='ocrx_word' id='word_1_224' title='bbox 59 4576 117 4637; x_wconf 83' lang='lat' dir='ltr'><strong>est</strong></span> <span class='ocrx_word' id='word_1_225' title='bbox 170 4559 389 4638; x_wconf 76' lang='lat' dir='ltr'><strong>Quadretnr</strong></span> <span class='ocrx_word' id='word_1_226' title='bbox 406 4569 485 4632; x_wconf 89' lang='lat' dir='ltr'><strong>tum</strong></span> <span class='ocrx_word' id='word_1_227' title='bbox 504 4584 679 4634; x_wconf 90' lang='lat' dir='ltr'><strong>numerus</strong></span> <span class='ocrx_word' id='word_1_228' title='bbox 692 4572 771 4633; x_wconf 90' lang='lat' dir='ltr'><strong>tum</strong></span> <span class='ocrx_word' id='word_1_229' title='bbox 790 4558 917 4641; x_wconf 80' lang='lat' dir='ltr'><strong>radix3</strong></span> <span class='ocrx_word' id='word_1_230' title='bbox 937 4570 975 4629; x_wconf 89' lang='lat' dir='ltr'><strong>et</strong></span> <span class='ocrx_word' id='word_1_231' title='bbox 987 4556 1101 4653; x_wconf 86' lang='lat' dir='ltr'><strong>quad-</strong></span> 
     </span>
    </p>
   </div>
   <div class='ocr_carea' id='block_1_5' title="bbox 0 0 1314 5092">
    <p class='ocr_par' dir='ltr' id='par_1_8' title="bbox 0 0 1314 5092">
     <span class='ocr_line' id='line_1_36' title="bbox 0 0 1314 5092; baseline 0 2"><span class='ocrx_word' id='word_1_232' title='bbox 0 0 1314 5092; x_wconf 95' lang='lat' dir='ltr'><strong> </strong></span> 
     </span>
    </p>
   </div>
  </div>
 </body>
</html>
