2618 5092
189 680 263 745 226
407 691 678 746 nxuuruarlo
697 692 750 746 nr
768 692 1022 747 nunnnamo

13 882 149 925 immons
241 863 291 939 Β.
317 863 501 937 Absurda.
553 862 628 937 Sed
655 861 829 937 ultimum
854 863 939 956 hoc,
968 862 1018 939 de
1047 862 1227 963 dupllctlr

13 964 145 1072 „XL
188 977 343 1066 ratione,
362 1000 407 1049 ex
433 1000 478 1050 eo
502 988 633 1050 natum
654 998 735 1049 esse
762 975 920 1068 videtur,
936 976 1040 1074 qnod
1066 976 1227 1051 Euclides

185 1090 303 1163 utitur
313 1113 403 1164 voce
413 1101 574 1162 rumaren
586 1112 733 1187 semper
743 1112 814 1187 pro
826 1086 1037 1189 duplicato,
1047 1112 1227 1189 nmquam

187 1227 255 1301 pro
273 1203 370 1302 dupl
395 1261 404 1277 .

237 1319 287 1391 A.
315 1317 415 1392 Quid
433 1316 585 1391 antemi
637 1316 941 1414 Angeometram
963 1316 1078 1393 decet
1093 1316 1227 1393 theore-

186 1442 327 1502 matum
353 1430 548 1503 veritatem
578 1452 624 1503 ex
651 1451 721 1503 usn
743 1430 953 1523 verborum,
971 1454 1023 1505 an
1053 1452 1102 1504 ex
1128 1430 1226 1505 rebus

185 1544 274 1640 ipsis
291 1553 391 1617 recte
410 1542 612 1640 conceptis,
629 1542 838 1617 aramme?
890 1543 967 1619 Sed
988 1544 1094 1641 quod
1115 1542 1226 1617 Eucli-

186 1656 272 1729 dem
305 1657 358 1730 ais
391 1680 583 1754 nunquam
615 1657 673 1730 uti
703 1680 793 1731 voce
818 1668 979 1730 διπλασίονι
1008 1682 1081 1755 pro
1112 1656 1226 1755 duplo,

185 1794 314 1843 verum
331 1793 406 1843 non
430 1779 497 1843 est.
548 1768 648 1867 lege
660 1858 664 1865 .
677 1770 795 1844 Elem.
809 1770 860 1843 iii.
873 1794 983 1868 prop.
1000 1780 1067 1863 20,
1084 1794 1168 1869 quae
1181 1770 1226 1845 sio

186 1906 226 1956 se
238 1884 373 1956 habet:
391 1899 422 1955 iv
435 1897 554 1977 κύκλφῆ
575 1896 644 1971 πρὸς
657 1899 696 1977 τᾷ
716 1898 815 1977 κέπρφ
836 1902 928 1971 γωνία
940 1895 1101 1959 dulcedo
1122 1898 1165 1958 e'sl
1185 1900 1226 1969 rie

185 2012 253 2086 πρὸς
268 2014 301 2090 τῇ
315 2016 482 2089 περιφερείᾳ,
495 2009 568 2071 etc.

238 2109 287 2182 B.
313 2110 394 2183 Tua
423 2109 497 2200 illa,
525 2133 737 2207 quanquam
762 2109 966 2207 paradoxa,
989 2134 1083 2185 vera
1112 2124 1227 2185 tamen

185 2235 284 2309 sunt,
302 2235 345 2296 ut
360 2223 452 2297 mihi
468 2222 655 2311 videntur,
673 2233 711 2296 et
722 2220 849 2296 futura
861 2222 1065 2320 aliqnando
1077 2223 1225 2298 cadosa

185 2336 333 2408 Interea
349 2347 404 2423 tu,
423 2337 486 2431 qui
504 2335 672 2409 defendis
690 2359 838 2409 omnem
856 2336 1069 2410 doctrinam
1094 2338 1226 2410 Hobbi-

186 2473 307 2537 anam,
319 2450 407 2545 qnid
426 2449 593 2523 dicturus
605 2474 644 2523 es
662 2450 711 2523 ad
728 2473 772 2523 ea
790 2474 872 2547 quae
889 2450 1004 2524 habet
1021 2452 1063 2524 in
1080 2451 1227 2548 Physica

186 2574 301 2635 suaet
311 2563 485 2636 Politica?
520 2565 569 2637 Et
582 2565 713 2660 primo,
726 2564 764 2635 in
775 2563 940 2660 physica,
956 2564 1059 2661 quod
1072 2564 1226 2638 omnium

185 2698 308 2747 rerum
326 2677 550 2749 naturalium
563 2700 693 2750 causas
712 2676 803 2749 dicit
819 2691 1066 2769 essemotum,
1079 2701 1226 2775 eumque

186 2789 280 2863 moti
297 2800 335 2861 et
353 2791 520 2886 contigui
538 2788 729 2886 corporis?

234 2900 282 2974 A.
310 2902 394 2974 Sive
412 2926 540 2975 verum
558 2902 630 2974 boc
653 2903 701 2975 sit
719 2901 795 2973 sive
825 2900 972 2988 falsum,
1002 2903 1227 2998 paradoxum

184 3028 285 3088 certe
309 3040 385 3089 uon
414 3029 482 3089 est.
535 3016 633 3089 Nam
662 3015 895 3104 Aristoteles,
927 3039 1040 3110 quem
1071 3016 1227 3113 sequitur

183 3130 320 3219 schola,
338 3130 437 3202 idem
468 3130 572 3216 dicit,
599 3130 630 3203 si
652 3153 728 3202 non
758 3141 796 3202 et
825 3129 996 3225 amplius,
1016 3154 1104 3202 cum
1137 3128 1227 3201 dicat

183 3253 358 3315 nolueram
378 3234 480 3316 'nihil
510 3242 610 3316 alind
641 3265 720 3315 esse
746 3253 881 3338 praeter
908 3250 1069 3326 ruotnm3
1095 3254 1226 3317 motum

183 3369 307 3429 autem
337 3357 528 3454 proprium
556 3381 637 3430 esse
663 3357 841 3452 corporis
905 3357 1019 3431 Quod
1046 3357 1226 3432 internum

183 3494 262 3542 esse
281 3470 392 3558 dicat,
407 3495 481 3543 non
500 3482 612 3566 negat
638 3469 728 3565 quin
756 3493 906 3543 cansam
936 3470 1076 3544 habeat
1105 3472 1145 3545 in
1173 3492 1227 3542 er·

182 3593 300 3655 terno.
364 3584 461 3656 Nam
493 3584 654 3656 affirmat
688 3583 787 3670 alibi,
818 3583 915 3655 nihil
935 3608 1057 3682 poree
1091 3605 1227 3657 morere

183 3695 357 3792 sulpeum.
411 3698 469 3770 Ab
487 3698 559 3771 hoc
577 3697 760 3795 principio
783 3721 900 3787 orsus,
919 3722 1052 3772 causas
1081 3698 1228 3795 qualita-

182 3818 263 3880 tum
288 3809 515 3883 sensibilium
544 3823 582 3884 et
604 3812 877 3906 phaenomenon
907 3812 1136 3886 naturalium
1157 3811 1227 3884 fere

183 3920 347 3993 omnium
361 3923 450 3995 satis
467 3923 676 4020 probabiles
694 3922 844 3999 deducit
864 3923 1063 4008 Hobbius;
1080 3924 1120 3998 id
1134 3919 1227 4021 qnod

182 4033 248 4121 illi,
271 4035 404 4131 quibus
420 4037 645 4133 principium
673 4037 745 4110 hoc
773 4037 921 4110 videtur
948 4037 1097 4129 falsum,
1114 4039 1226 4112 facere

183 4172 373 4246 nunqnam
390 4163 579 4246 poterunt.

234 4262 283 4335 B.
311 4263 513 4337 Maximam
527 4274 670 4361 partem
688 4264 886 4336 effectuum
913 4264 1143 4337 naturalium
1172 4261 1225 4330 de

184 4374 286 4449 ducit
304 4377 366 4450 ille
381 4402 404 4450 a
420 4391 526 4450 motu
541 4378 714 4473 quodam,
733 4401 845 4472 quem
870 4387 982 4449 vocnt
1006 4376 1223 4451 circularem

183 4486 415 4586 simplicem
442 4515 552 4586 quem
569 4502 724 4577 motum,
748 4513 879 4563 vereor
903 4512 951 4562 ne
981 4489 1153 4574 lectores,
1167 4504 1221 4555 ex·

183 4603 299 4696 ceptis
316 4605 455 4699 paucis,
470 4628 547 4678 non
565 4605 654 4677 satis
673 4604 895 4701 concipiant.
949 4602 1049 4675 Nam
1066 4600 1136 4674 etsi
1148 4593 1221 4671 talis
