2618 5092
208 644 283 709 456
348 657 403 710 nn
424 657 659 711 cernemus
678 658 730 711 nt·
748 656 1123 711 nantocrnarrons

25 852 180 957 Q.
206 849 275 923 per
306 837 487 924 punctum
515 826 555 900 P.
615 824 726 901 Unde
753 822 897 923 jndicio
930 848 1123 915 sensuum,
1150 824 1247 900 tertis

25 980 160 1039 ,mens
206 962 294 1037 pars
310 951 423 1013 rectae
440 939 503 1014 BP
517 938 668 1035 aequalis
684 938 755 1013 erit
775 938 900 1015 tertim
915 938 1018 1037 parti
1027 948 1150 1015 ηοω,
1164 938 1246 1013 ΒΜ,

25 1043 201 1161 wffi,
208 1064 246 1127 et
262 1053 418 1149 proinde
435 1064 516 1127 tota
533 1052 596 1127 BP
610 1050 764 1151 aequnlis
779 1051 853 1127 toti
869 1050 957 1125 ΒΜ,

258 1165 370 1239 “Sed
386 1164 503 1255 haee‚”
521 1164 677 1263 inquies,
694 1168 719 1205 “
731 1187 809 1239 non
828 1186 1008 1239 sensuum
1024 1162 1094 1237 sed
1108 1162 1248 1239 rationis

203 1277 345 1375 judicio
372 1276 654 1353 determinanda
678 1276 803 1352 sunt.'’
854 1278 975 1353 Recte
991 1276 1113 1351 dieis:
1136 1276 1249 1375 itaque

206 1415 255 1465 ne
285 1390 413 1465 videar
443 1389 679 1465 severitatem
708 1388 990 1488 disciplinarum
1024 1410 1249 1488 eorrumpere

206 1504 313 1592 velle,
331 1503 551 1577 conabimur
567 1527 647 1578 rem
664 1502 930 1579 demonstrare.
1178 1578 1181 1583 .

257 1617 302 1691 ln
333 1616 477 1691 duobus
503 1616 700 1715 triangulis
730 1616 924 1707 similibus,
951 1617 986 1691 si
1015 1616 1118 1691 lutus
1146 1638 1249 1691 unum

205 1729 319 1828 primi
335 1731 454 1827 majus
474 1730 534 1804 rel
559 1730 681 1805 minus
708 1730 824 1805 fuerit
846 1753 960 1828 quam
977 1730 1080 1804 lutus
1096 1728 1249 1804 homolo

207 1868 297 1941 gum
331 1843 497 1932 secundi,
525 1844 639 1918 etiam
668 1843 812 1942 reliqua
840 1842 916 1918 duo
940 1841 1065 1917 latera
1098 1841 1248 1940 eiusdem

207 1958 318 2055 primi
335 1958 478 2052 majora
493 1957 553 2031 rel
570 1956 715 2030 minora
743 1968 855 2031 erunt
878 1954 1032 2053 reliquis
1057 1955 1250 2053 homologis

207 2069 361 2145 secundi
377 2082 576 2167 utrumque
593 2081 763 2167 utroque.
816 2067 861 2143 Id
886 2066 988 2165 quod
1011 2091 1082 2165 per
1108 2092 1149 2143 se
1173 2066 1251 2143 satie

207 2183 443 2258 manifestum
461 2196 531 2256 est.

260 2297 446 2371 Quoniam
459 2309 517 2370 est
533 2296 572 2369 in
590 2295 785 2392 triangulis
803 2295 985 2371 similibus
1000 2294 1129 2383 ΒΟΜ,
1142 2292 1250 2381 ΒΜΟ,

206 2424 251 2484 ut
269 2411 338 2485 ΒΟ
355 2410 403 2483 ad
422 2409 508 2497 ΒΜ,
523 2410 577 2482 ita
594 2408 668 2482 ΒΜ
688 2409 736 2482 ad
747 2408 825 2498 ΒΟ,
840 2421 950 2481 erunt
969 2407 1053 2496 Bu,
1067 2406 1107 2480 id
1126 2417 1181 2480 est
1197 2406 1251 2491 Be,

209 2523 380 2611 ΒΜ,Βο
405 2523 580 2596 continue
608 2523 929 2619 proportionales:
957 2532 995 2595 et
1020 2521 1121 2593 ratio
1140 2521 1191 2593 Be
1210 2518 1251 2591 ad

210 2638 275 2712 ΒΟ
295 2637 483 2732 duplicata
509 2637 665 2709 rationis
693 2638 746 2709 Be
767 2635 814 2709 ad
833 2634 920 2723 ΒΜ,
938 2635 999 2708 vel
1024 2635 1100 2707 ΒΜ
1119 2633 1167 2706 ad
1184 2632 1250 2705 ΒΟ.

209 2750 283 2823 Sed
301 2763 344 2823 ut
361 2750 414 2821 Be
432 2749 480 2821 ad
499 2750 586 2837 ΒΜ,
605 2751 658 2822 ita
675 2763 732 2824 est
750 2751 811 2824 BP
824 2750 871 2822 ad
887 2748 967 2822 ΒΝ.
1024 2749 1153 2823 Quare
1166 2746 1250 2820 ratio

209 2863 262 2935 Be
286 2863 334 2935 ad
359 2863 424 2936 ΒΟ
455 2861 643 2957 duplicata
670 2876 727 2938 est
757 2863 909 2937 rationis
934 2863 996 2936 BP
1017 2861 1067 2934 ad
1095 2860 1177 2935 BN.
1223 2860 1252 2931 A

207 2988 348 3071 puncto
371 2976 398 3049 P
425 2976 590 3071 erigatur
614 2976 662 3049 ad
694 2977 748 3049 Bc
773 2974 1106 3072 perpendicularis,
1134 2995 1253 3047 secans

209 3088 284 3161 ΒΜ
312 3088 532 3185 productam
559 3088 793 3184 ubicunque:
821 3112 904 3184 quae
929 3086 1073 3160 incidet
1091 3087 1149 3159 vel
1172 3087 1207 3158 in
1223 3109 1251 3171 c,

209 3202 267 3274 vel
298 3203 402 3289 citra,
425 3201 484 3273 vel
511 3201 622 3289 ultra,
644 3214 683 3275 et
714 3201 906 3276 abscindet
933 3226 957 3274 a
982 3199 1170 3297 producta
1187 3198 1251 3271 ΒΜ

209 3316 397 3410 majorem,
416 3314 474 3387 vel
500 3315 691 3401 minorem,
709 3340 820 3412 quam
843 3327 900 3388 est
927 3314 1009 3410 ipsa
1027 3314 1094 3386 Be.
1149 3313 1187 3386 Si
1203 3312 1252 3383 in·

208 3429 310 3501 cidat
327 3431 365 3501 in
383 3429 503 3523 ipsum
517 3442 696 3524 punctum
711 3454 742 3514 e,
755 3441 865 3502 erunt
882 3440 995 3501 reetae
1010 3428 1077 3517 Be,
1094 3427 1166 3515 BP,
1180 3424 1251 3510 BN,

209 3542 384 3615 continue
424 3543 731 3636 proportionales.
798 3542 864 3615 Sin
897 3540 1040 3614 incidat
1076 3542 1172 3614 citra
1201 3537 1251 3609 rel

210 3656 306 3728 ultra
322 3680 353 3743 e,
378 3654 448 3726 erit
474 3655 570 3727 ratio
591 3655 783 3751 cujusdam
809 3664 922 3727 rectae
945 3654 1100 3749 majoris
1118 3652 1174 3725 vel
1190 3651 1251 3723 mi·

209 3767 310 3840 noris
329 3792 438 3861 qnam
450 3768 504 3839 Be
517 3768 564 3840 ad
580 3769 650 3858 BP,
666 3769 853 3863 duplicata
869 3766 1025 3839 rationis
1045 3767 1107 3841 BP
1121 3766 1168 3839 ad
1180 3763 1250 3850 BN,

210 3883 287 3954 sive
313 3881 385 3953 ΒΜ
412 3880 461 3952 ad
488 3881 564 3953 ΒΟ.
619 3882 730 3957 Quod
760 3893 815 3954 est
846 3880 1061 3968 absurdum,
1083 3904 1169 3952 cum
1196 3878 1251 3971 Be,

212 3995 298 4084 ΒΜ,
318 3994 395 4081 ΒΟ,
414 3994 489 4066 sint
506 3996 681 4069 continue
698 3993 1003 4091 proportionales.
1059 3993 1157 4067 Sunt
1173 4014 1251 4086 ergo

211 4109 274 4199 Bc,
295 4108 366 4195 BP,
387 4107 454 4179 ΒΝ
474 4109 648 4180 continue
675 4105 982 4202 proportionales.
1038 4106 1114 4178 Sed
1133 4118 1174 4178 ut
1192 4104 1252 4176 ΒΟ

210 4221 258 4294 ad
285 4222 356 4310 BP,
375 4221 427 4293 ita
454 4233 511 4293 est
535 4221 588 4293 Be
613 4220 661 4294 ad
688 4220 773 4292 ΒΜ.
830 4219 926 4291 Sunt
948 4230 1076 4292 autem
1103 4219 1183 4307 Bu,
1206 4217 1253 4288 Bc

210 4335 382 4430 aequales.
436 4334 561 4407 (lirare
597 4335 709 4406 etiarn
744 4333 816 4419 BP,
852 4330 928 4404 ΒΜ
964 4345 1054 4405 sunt
1089 4330 1250 4427 aequales

212 4447 351 4519 Radius
368 4471 457 4542 ergo
475 4446 604 4519 circuli
621 4471 795 4519 unacum
813 4457 991 4541 tangente
1005 4455 1055 4520 30
1065 4447 1250 4543 graduum,

212 4560 362 4655 aequalis
381 4572 435 4634 est
454 4572 568 4633 rectae
594 4584 677 4657 quae
708 4560 897 4634 subtendit
921 4560 1103 4657 angulum
1121 4570 1250 4634 rectum
