2618 5092
228 636 301 701 338
503 651 783 705 mouturam
801 651 998 705 Patarea.

53 838 122 879 cun.
140 842 169 880 v·
227 840 446 914 quacunque
463 817 705 913 homogenea,
721 829 760 891 et
785 816 884 891 illius
905 817 1110 891 terminum
1125 816 1254 917 quiden

41 907 185 1009 Tulin]
226 931 384 1003 alterum
409 954 522 1004 manu
544 943 685 1019 teneas,
701 930 883 1005 terminus
907 942 1037 1005 autem
1058 930 1154 1005 ulter
1176 930 1255 1005 cub·

63 1030 161 1075 “mli
225 1045 291 1117 fiat
317 1043 406 1117 dum
433 1043 643 1133 candescat,
660 1045 801 1142 poteris
821 1068 905 1119 eam
923 1044 1040 1119 etiam
1062 1044 1119 1119 sic
1139 1044 1256 1119 illaesus

226 1170 363 1231 tenere.
415 1158 554 1231 Verum
570 1158 601 1230 si
618 1156 728 1231 simul
743 1168 872 1231 teneas
888 1169 928 1231 et
946 1170 1097 1255 partem
1113 1156 1256 1231 cauden

225 1282 301 1344 tem
328 1272 451 1344 subito
475 1272 683 1367 extinguas,
706 1294 838 1345 manns
860 1270 932 1346 tibi
956 1270 1013 1346 ita
1035 1270 1257 1347 vehementer

225 1398 366 1472 uretur,
384 1397 427 1457 ut
443 1397 572 1459 tenere
587 1384 689 1459 illam
705 1382 844 1459 diutius
860 1408 938 1460 non
953 1383 1090 1483 possis.

273 1498 324 1570 A.
351 1497 452 1572 Nota
468 1520 528 1571 res
543 1508 611 1572 est.

277 1612 324 1682 B.
351 1610 464 1685 Vides
491 1634 591 1708 ergo,
616 1624 659 1684 ut
687 1621 811 1685 motus
837 1611 1001 1708 partium
1025 1611 1076 1685 ab
1097 1610 1257 1685 Aversm

225 1724 360 1797 CetB
385 1724 639 1798 vehementior
661 1723 779 1798 multo
805 1723 928 1799 factus
958 1724 1011 1799 sit
1035 1748 1150 1821 quam
1173 1735 1257 1810 ante,

224 1850 335 1933 atque
353 1837 465 1910 etiam
489 1837 527 1911 in
552 1836 681 1934 spatiis
708 1838 929 1911 arctioribus
950 1850 1109 1934 propter
1131 1837 1257 1911 extinc-

223 1951 363 2024 tionem
388 1951 549 2047 partium
579 1950 818 2025 inferiorum:
851 1961 968 2047 utque
998 1951 1123 2025 omnis
1152 1962 1258 2025 motus

221 2064 382 2160 partium
397 2063 614 2138 inferiorum
626 2064 752 2139 unitus
763 2064 813 2138 sit
823 2063 1005 2160 paulatim
1021 2064 1064 2138 in
1077 2076 1212 2162 puncto
1223 2063 1257 2136 B.

222 2177 347 2274 Atque
363 2178 450 2251 hinc
466 2178 547 2251 fieri
564 2177 687 2267 credo,
700 2189 743 2252 ut
755 2177 873 2252 cauda
890 2177 955 2251 illa
966 2176 1049 2267 BC,
1061 2201 1259 2276 quanquam

223 2290 340 2379 exilis,
352 2290 563 2364 difficillime
572 2301 699 2364 tamen
708 2290 914 2386 frangatur.
942 2290 1134 2365 Quoniam
1146 2304 1258 2365 autem

223 2416 344 2478 motus
367 2403 428 2476 hic
458 2404 495 2476 in
528 2403 697 2476 omnibus
718 2403 806 2476 vitri
829 2402 1022 2499 particulis
1050 2426 1128 2477 non
1153 2404 1257 2477 solum

222 2516 410 2589 circularis
431 2528 499 2604 est,
524 2517 589 2589 sed
616 2517 728 2589 etiam
748 2529 977 2613 propagatur
1000 2518 1040 2590 in
1068 2516 1257 2614 longitndi-

221 2654 306 2702 nem
324 2654 347 2702 a
362 2628 478 2715 fundo
490 2630 522 2701 Α
536 2629 584 2702 ad
602 2629 791 2725 cuspidem
804 2629 833 2699 B
846 2657 856 2700 ε
874 2642 1029 2725 propter
1043 2632 1259 2705 reactionem

221 2765 398 2836 vaporum
412 2766 456 2813 ex
471 2766 565 2838 aqna
579 2742 757 2815 calefacta
772 2742 810 2814 in
823 2753 971 2838 guttam
981 2744 1057 2815 AA
1068 2745 1258 2839 agentium,

220 2866 320 2928 totus
338 2866 461 2927 motus
478 2855 622 2951 spiralis
639 2856 715 2942 fiet,
734 2865 772 2929 et
788 2878 855 2950 per
876 2854 981 2927 illum
999 2855 1214 2931 diffundetur
1227 2868 1259 2929 et

221 2969 453 3065 torquebitur
476 2970 631 3041 materia
646 2969 766 3041 vitrea
789 2969 835 3042 ab
859 2969 934 3041 imo
957 2969 1007 3042 ad
1028 2971 1258 3045 summumin

219 3082 282 3155 fila
306 3083 424 3155 vitrea
449 3082 740 3170 innumerabilia,
767 3094 811 3154 ut
836 3082 931 3154 finnt
958 3082 998 3154 in
1028 3085 1259 3159 arboribusa

220 3220 329 3268 succo
346 3207 521 3290 surgente
539 3218 610 3291 quo
627 3194 842 3267 nutriuntur
859 3192 922 3266 fila
938 3194 1076 3290 lignea.

271 3310 412 3404 ltaque,
441 3308 472 3381 si
498 3307 655 3380 caudam
685 3305 785 3379 illam
804 3305 911 3379 ACB
934 3307 1065 3382 flectas
1094 3308 1259 3404 (exempli

219 3422 344 3514 causa)
366 3423 403 3494 in
422 3423 473 3495 C:
501 3421 540 3493 id
565 3420 665 3516 quod
681 3421 858 3516 majorem
876 3418 1034 3516 requirit
1051 3422 1140 3512 vim,
1159 3446 1258 3519 quarn

219 3534 301 3628 quis
331 3534 439 3607 facile
465 3533 654 3606 crederet:
686 3532 749 3605 fila
774 3532 837 3605 illa
862 3531 981 3605 vitrea
1006 3535 1136 3609 omnia
1159 3533 1258 3607 simul

218 3647 354 3719 flectes.
419 3648 542 3744 Atque
580 3646 709 3719 eadem
744 3646 840 3718 flexa
872 3646 1114 3737 tenebuntur,
1149 3648 1258 3720 donec

218 3771 325 3855 rupto
355 3760 452 3833 vitro
481 3761 519 3832 in
547 3760 577 3832 C
602 3759 711 3832 simul
737 3758 862 3831 omnia
895 3758 1115 3833 liberentur.
1171 3760 1258 3833 Tum

216 3897 304 3947 vero
322 3872 444 3945 subito
463 3872 571 3944 simul
592 3870 716 3945 omnia
743 3870 910 3944 resilient
931 3871 1049 3961 (velut
1066 3896 1174 3947 arcus
1191 3874 1257 3947 fra-

215 3985 299 4083 gilis
317 3996 355 4057 et
373 3985 528 4058 nimium
550 3996 688 4072 tenena,
715 3995 824 4080 rupto
848 3982 982 4077 nervo)
1003 3983 1043 4057 in
1067 3985 1257 4081 particulas

216 4098 513 4173 innumerabiles.

266 4215 315 4288 Α.
342 4212 445 4287 Nihil
462 4211 704 4285 verisimilius.
756 4211 804 4282 Et
831 4221 977 4299 natura,
1004 4212 1104 4285 siin
1128 4213 1255 4286 aliare

215 4326 301 4414 ulla,
319 4327 357 4399 in
381 4325 452 4397 hac
475 4349 514 4397 se
539 4323 715 4421 prodidit,
733 4335 771 4395 et
797 4323 835 4395 in
863 4322 927 4395 illa
951 4322 998 4395 de
1031 4326 1253 4400 restitutione

215 4440 433 4513 laminarum
449 4438 486 4511 in
499 4438 663 4512 ballistis.
702 4438 786 4512 Quo
800 4436 1047 4531 phaenomeno
1061 4436 1250 4538 suppositio
