2618 5092
225 688 292 755 154
437 700 707 757 uxAmNArto
726 700 779 755 ltu·
797 700 1048 755 tuntinano

32 893 183 935 aracaeus
221 892 294 964 quo
324 865 440 940 utitur
463 867 554 964 ipse,
580 868 670 943 alias
698 866 1102 965 negasset-Numeri,
1125 864 1237 964 inquit,

36 974 179 1078 L
222 992 243 1055 2
262 991 300 1055 cl
317 990 353 1069 3,
370 980 482 1055 simut
503 981 631 1057 additi
654 982 878 1056 constituunt
893 991 930 1073 5,
952 1004 1171 1081 quacunque
1188 998 1238 1051 m

221 1094 296 1167 illa
323 1094 397 1167 aiot
421 1119 504 1191 quae
528 1104 779 1183 numerantur,
790 1103 900 1193 puto,
920 1093 1000 1167 riae
1014 1090 1240 1191 §aogmata

214 1217 363 1306 portes.
415 1208 471 1280 Et
501 1231 576 1305 qua
601 1206 859 1281 rationator
886 1206 1097 1281 emmim
1122 1210 1238 1279 rasti
1296 1238 1299 1267 ι

220 1321 392 1410 domines,
410 1331 493 1410 etc,
511 1320 639 1394 eodem
653 1318 774 1417 plane
789 1319 936 1393 ratione
951 1330 976 1395 2
992 1326 1031 1393 et
1047 1326 1071 1393 ³
1087 1316 1240 1393 mittor
1297 1322 1299 1327 '

220 1444 304 1507 aaut
323 1442 343 1506 5
362 1433 690 1507 semisses-Cum
717 1456 805 1529 ergo
830 1442 853 1507 2
872 1440 951 1507 eti)
976 1432 1146 1507 homiues
1171 1438 1243 1505 sunt

219 1570 327 1620 verus
356 1570 556 1632 numerus;
582 1546 694 1621 etiam
720 1554 743 1620 2
761 1558 800 1620 et
820 1555 845 1621 3
867 1546 1047 1636 semisses,
1064 1545 1125 1619 vel
1149 1544 1243 1619 etim

221 1669 244 1733 2
263 1672 301 1733 et
318 1668 341 1732 3
358 1659 567 1733 centesima
582 1670 669 1733 sunt
680 1681 789 1733 verus
806 1682 1005 1740 numerum
1031 1670 1121 1733 sunt
1136 1666 1244 1731 auten

220 1772 418 1847 fractiones
434 1803 444 1856 ;
470 1784 527 1846 est
544 1796 632 1869 ergo
648 1771 782 1846 fractio
794 1796 903 1846 verus
918 1794 1107 1847 numerus.
1150 1765 1245 1845 Quod

221 1910 306 1959 cnm
323 1885 385 1959 ille
410 1884 449 1959 in
465 1884 757 1981 praecedcntibus
783 1908 928 1981 semper
955 1882 1160 1981 negaverit,
1175 1904 1248 1981 pro-

221 1998 380 2093 positum
405 2021 480 2070 non
507 1997 782 2071 demonstravit.
833 1996 1008 2071 Ostendit
1031 1996 1249 2094 paulopost,

222 2110 377 2185 duarum
393 2110 615 2185 fractionum
637 2110 802 2185 diversos
817 2110 1031 2185 habentium
1050 2109 1250 2184 denomina-

221 2235 332 2314 toreS,
348 2224 396 2297 ad
420 2224 512 2298 duas
539 2224 628 2297 alias
658 2249 741 2321 quae
771 2224 1090 2298 denominatorem
1107 2222 1252 2297 eundem

222 2338 371 2427 habent,
386 2338 648 2411 reductionem.
691 2336 867 2431 Exemplo
880 2336 999 2409 utitur
1012 2335 1094 2428 ξεῖ
1109 2334 1159 2427 ἦ,
1173 2356 1253 2431 quaa

221 2451 418 2524 fractiones
447 2449 677 2523 adeundam
704 2450 1019 2523 denominatorem
1047 2450 1176 2523 reduci
1201 2448 1255 2521 de·

221 2576 415 2652 monstrat,
433 2587 577 2659 nempe,
595 2563 643 2636 ad
660 2563 879 2636 fractionem
906 2564 1003 2636 hanc
1027 2562 1098 2655 ξτψ
1110 2560 1255 2654 —,³;-=-,²,-:

222 2677 447 2772 etquidem,
477 2700 561 2748 cum
589 2677 670 2749 aliis
693 2677 888 2773 plerisque,
918 2690 1030 2749 recte.
1088 2677 1257 2772 Adeoque

221 2791 355 2863 mirum
373 2801 439 2877 est,
459 2789 557 2884 qnod
581 2813 656 2863 non
672 2790 806 2863 viderit
831 2790 1030 2864 fractiones
1048 2804 1088 2863 et
1104 2789 1258 2863 rationes

222 2915 400 2999 quantum
429 2901 614 2974 differunt.
667 2902 764 2974 Nam
790 2902 821 2973 si
844 2902 937 2974 ratio
955 2900 1002 2992 -ξ,
1020 2902 1059 2975 id
1077 2916 1146 2993 est,
1161 2903 1259 2997 juxta

221 3016 324 3089 illum
342 3014 436 3087 ratio
459 3023 473 3086 l
496 3013 543 3086 ad
562 3022 597 3103 3,
615 3013 772 3087 addatur
790 3014 924 3087 rationi
952 3012 992 3105 }-,
1011 3015 1050 3088 id
1069 3028 1138 3105 est,
1156 3028 1199 3089 ut
1212 3013 1260 3087 illi

220 3130 354 3225 placet,
378 3128 512 3201 rationi
535 3137 546 3199 l
571 3127 618 3199 ad
637 3137 673 3215 4,
697 3151 840 3200 summa
865 3128 936 3200 erit
964 3129 1060 3202 ratio
1076 3128 1129 3220 fs,
1144 3129 1184 3202 id
1199 3141 1259 3215 est,

222 3243 316 3316 ratio
334 3247 356 3325 7
371 3242 418 3315 ad
435 3250 501 3314 12:
521 3239 620 3334 quod
638 3240 830 3313 manifeste
848 3240 979 3312 falsum
998 3253 1066 3315 est.
1113 3243 1153 3316 Si
1171 3242 1260 3315 enim

221 3358 315 3429 ratio
346 3355 429 3429 lad
455 3364 476 3427 3
506 3354 664 3427 addatur
694 3355 826 3426 rationi
859 3354 942 3427 lad
959 3365 994 3443 4,
1026 3381 1172 3430 summa
1199 3355 1261 3429 erit

222 3471 317 3543 ratio
351 3477 365 3541 l
395 3467 443 3541 ad
477 3476 532 3554 12,
567 3466 606 3539 id
641 3481 709 3554 est,
745 3466 948 3539 secundnm
975 3466 1194 3560 Wallisium,
1225 3465 1260 3561 ,¹,-.

223 3584 353 3678 Itaque
371 3579 530 3676 aequales
558 3580 653 3652 inter
677 3602 715 3651 se
734 3576 896 3670 eruntTT,
920 3593 957 3654 et
977 3579 1029 3671 ὲ.
1083 3584 1152 3656 Vel
1170 3608 1262 3657 com·

222 3695 393 3793 ponendo
423 3693 585 3766 rationes
610 3717 653 3766 eo
680 3692 790 3766 modo
815 3718 925 3789 quem
951 3694 1061 3768 docet
1087 3697 1262 3782 Euclides,

222 3821 330 3882 erunt
354 3806 426 3899 —¹,-÷
443 3801 561 3897 }-=3¹,·.
615 3806 802 3894 Similiter,
829 3806 960 3879 fractio
978 3812 999 3892 l
1020 3808 1152 3883 addita
1176 3809 1262 3881 frac-

223 3922 315 3995 tioni
333 3921 365 4008 l,
383 3919 604 4016 duplicatur,
633 3932 672 3991 et
702 3921 743 3992 fit
768 3929 798 3991 l.
851 3922 900 3991 lt
926 3921 1021 3994 ratio
1047 3930 1063 3994 l
1086 3923 1135 3995 ad
1153 3933 1189 4010 2,
1205 3920 1262 3994 ad·

223 4035 300 4109 dita
324 4033 457 4106 rationi
482 4042 494 4104 l
523 4032 570 4105 ad
588 4042 623 4121 2,
649 4032 869 4128 duplicatur,
894 4047 932 4105 et
951 4035 993 4106 lit
1010 4036 1108 4109 ratio
1132 4044 1148 4109 l
1169 4034 1215 4109 ad
1229 4046 1261 4106 4.

223 4150 318 4221 Sunt
349 4170 437 4241 argo
469 4145 667 4242 perillum,
695 4147 758 4241 qui
784 4147 1003 4220 fractionem
1027 4162 1066 4221 et
1090 4152 1263 4224 rationem

221 4286 289 4357 pro
324 4260 452 4332 eadem
487 4261 597 4332 habet
628 4284 679 4349 re,
713 4263 731 4342 l
765 4273 802 4332 et
841 4270 854 4333 l
894 4262 991 4334 inter
1025 4287 1065 4335 se
1100 4264 1263 4361 aequales.

224 4374 334 4449 Quod
368 4374 470 4446 vides
505 4397 615 4469 qnam
650 4375 698 4445 sit
729 4373 940 4447 absurdum.
1004 4377 1080 4450 Sed
1114 4376 1265 4451 absurda

222 4512 305 4583 quae
329 4488 366 4560 in
391 4488 479 4583 ipsis
504 4487 665 4559 numeris
687 4487 775 4560 satis
799 4499 940 4583 patent,
960 4488 1150 4587 descripta
1177 4515 1265 4587 sym-

219 4600 313 4673 bolis
334 4600 583 4696 symbolornm
608 4600 809 4695 imperitos,
829 4625 909 4695 quae
936 4615 994 4676 est
1021 4604 1163 4680 utilitas
1180 4629 1267 4702 sym·
