2618 5092
9 39 895 197 —

275 482 591 537 nsrauusmcn
611 486 854 539 aonrnaun.
1013 472 1085 537 205

1128 669 1262 711 nrseoou

395 774 644 830 Puocosrrro
663 778 739 831 Vll.

9 866 13 971 l
105 887 263 988 Spatium
280 891 481 989 cycloidale
501 894 689 969 internum
707 894 778 967 BA
776 893 820 989 f,
848 891 1088 989 comprehen-

68 1023 129 1074 sun
139 1026 161 1077 a
172 1014 282 1099 parte
294 1004 470 1101 cycloidis
484 1008 514 1079 B
515 1008 557 1104 f
565 1019 604 1080 et
622 1006 764 1080 duabus
781 1007 891 1079 rectis
908 1005 992 1093 AB,
1011 1005 1088 1101 Af,

66 1127 193 1212 superat
209 1115 483 1193 semicirculum
502 1120 720 1217 genitorem,
746 1130 891 1203 tantum
909 1129 1089 1215 quantum

65 1240 105 1302 est
116 1227 305 1302 trilinenm
321 1228 425 1326 6fnr.

99 1341 203 1433 Nam,
228 1364 300 1440 per
321 1344 605 1440 praecedentem,
635 1347 791 1444 spatium
820 1344 1089 1442 quadrilineum

62 1451 183 1528 Bthm
206 1455 350 1551 aeqnale
372 1467 429 1532 ast
455 1456 651 1554 quadranti
672 1457 793 1532 ABG.
846 1457 971 1532 Quare
1002 1481 1087 1552 qua-

61 1564 242 1642 drilineum
260 1568 331 1642 AB
342 1579 406 1643 m6
419 1571 561 1667 aequale
584 1583 641 1644 est
658 1570 887 1644 semicirculo
904 1570 1063 1667 genitori
1077 1600 1087 1652 ;

60 1681 107 1755 cui
120 1681 150 1754 si
165 1680 331 1755 addatur
343 1682 530 1757 trilineum
543 1684 647 1780 mdf,
660 1683 704 1756 fit
717 1683 875 1780 spatium
889 1683 1088 1779 cycloidale

60 1791 230 1892 integrum
244 1793 361 1891 BAf.
391 1796 558 1892 Spatium
571 1819 661 1893 ergo
678 1795 877 1893 cycloidale
892 1795 1002 1891 ΒΜ,
1016 1808 1088 1869 etc.

61 1904 155 1982 Quod
172 1919 256 1982 erat
272 1905 611 1982 demonstrandum.

1129 821 1261 853 *mr-

384 2118 635 2172 PROPOSITIO
655 2119 749 2171 vtll.

98 2234 135 2307 Si
150 2233 310 2308 ducatur
325 2244 428 2308 recta
443 2234 529 2323 DC,
555 2245 592 2308 et
620 2235 850 2331 producatur
878 2235 927 2308 ad
957 2234 1027 2309 BG
1049 2237 1087 2309 in

61 2342 109 2431 N;
127 2347 260 2443 juncta
278 2346 347 2419 FN
365 2347 537 2420 transibit
552 2371 620 2444 per
636 2358 814 2444 punctum
816 2347 862 2445 f.

99 2459 187 2535 Cum
204 2460 304 2533 enim
322 2459 399 2532 DN
415 2470 579 2534 transeat
599 2483 667 2558 per
685 2461 726 2550 C,
752 2461 823 2535 erit
841 2461 913 2534 BN
936 2461 1087 2558 aequalis

61 2569 224 2648 diametro
240 2573 325 2648 BD.
380 2573 425 2646 Gt
442 2575 616 2670 quoniam
635 2574 705 2647 BG
728 2588 785 2648 est
811 2575 962 2672 aequalis
985 2577 1088 2649 arcui

61 2687 266 2763 semicirculi
281 2686 474 2784 genitoris,
492 2687 562 2760 erit
585 2686 659 2760 GN
686 2710 855 2761 excessus
881 2712 953 2784 quo
981 2713 1087 2762 arcus

61 2797 153 2874 BGD
187 2812 339 2897 superat
373 2800 594 2873 diametrum
622 2800 704 2873 BD.
772 2802 840 2874 Est
873 2814 996 2874 autem
1026 2804 1087 2875 6Ε

60 2915 205 2991 semissis
231 2914 345 3011 ipsius
372 2913 453 3003 BG,
483 2925 522 2986 et
550 2913 612 3011 ⁶f
629 2913 787 2987 semissis
814 2912 982 2986 diametri
1012 2915 1087 2988 sive

59 3041 156 3103 rectae
170 3026 257 3101 BN.
287 3026 412 3100 Quare
429 3035 532 3098 recta
547 3026 578 3098 Ε
574 3026 617 3122 f
625 3039 682 3100 est
700 3025 858 3099 semissis
875 3037 986 3099 rectae
1001 3027 1086 3100 GN.

59 3134 165 3214 Etiam
182 3140 248 3214 FB
266 3150 322 3213 est
344 3138 505 3212 semissis
529 3138 605 3212 FG.
661 3139 713 3213 Ut
738 3162 827 3236 ergo
851 3138 917 3212 FG
933 3139 982 3213 ad
999 3141 1086 3230 GN,

59 3250 101 3327 ita
118 3255 184 3329 FE
200 3252 250 3328 ad
274 3252 347 3350 Ef.
397 3251 547 3326 Transit
570 3277 659 3350 ergo
677 3252 747 3327 FN
764 3276 831 3350 per
852 3264 1031 3349 punctum
1041 3254 1085 3350 f.

60 3364 157 3444 Quod
171 3378 253 3442 erat
270 3365 610 3440 demonstrandum.

404 3574 653 3627 Paoeoslrlo
672 3576 733 3628 IX.

96 3692 333 3790 'l'riangulum
360 3691 590 3766 rectilineum
617 3692 715 3790 EFf
724 3693 863 3790 aequale
887 3705 943 3767 est
969 3696 1086 3791 spatio

58 3802 249 3905 intercepto
266 3807 363 3881 inter
379 3828 507 3879 arcum
524 3806 740 3903 quadrantis
751 3807 851 3881 ABG
867 3820 905 3881 et
921 3808 1086 3904 ejusdem

59 3921 265 3997 subtensam.

96 4033 335 4133 'liiangulum
363 4030 460 4106 GEF
488 4033 628 4129 aequale
658 4046 715 4108 est
742 4034 938 4130 quadranti
965 4033 1084 4107 ABG.

60 4140 274 4244 lltqnoniam
285 4143 348 4241 6f
358 4145 509 4240 aqualis
522 4157 578 4219 est
591 4147 874 4237 semidiametro,
888 4147 957 4220 erit
970 4146 1085 4219 trian-

61 4258 170 4348 gutum
187 4259 269 4357 Fs6
288 4258 429 4355 aequale
448 4259 600 4333 dimidio
618 4261 799 4355 quadrato
816 4262 862 4335 ab
878 4260 959 4356 f6.
1012 4260 1083 4333 Re-

60 4363 184 4467 liquum
202 4373 318 4470 igitur
346 4372 571 4468 triangulum
592 4372 821 4447 rectilineum
839 4372 938 4470 Fas
946 4372 1086 4468 aequale
