2640 5092
295 1325 563 1414 DIALOGUS
590 1326 855 1417 PHYSICUS

195 1552 288 1651 DE
359 1551 646 1653 NATURA
714 1555 953 1654 AERIS.

537 1787 605 1825 lm

332 1903 383 1959 DE
401 1904 696 1961 DUPLICATIONE
715 1907 820 1962 CUBI.

99 2282 148 2356 A.
175 2283 342 2358 Orraro
355 2294 393 2357 te
411 2283 531 2358 video.

99 2397 150 2470 B.
176 2397 227 2471 Et
243 2420 314 2492 ego
332 2407 370 2469 te
386 2396 546 2470 libenter
562 2396 690 2481 audio;
717 2420 803 2470 nam
822 2396 930 2469 video
949 2395 1098 2492 quidem

50 2509 155 2597 nihil,
174 2510 229 2583 ita
246 2534 304 2583 me
318 2510 510 2583 clarissimi
529 2511 602 2584 diei
619 2510 744 2607 fulgor
761 2511 973 2584 ocoaecavit.

100 2621 148 2695 A.
177 2623 308 2697 Asside
331 2623 446 2720 igitur
463 2624 567 2714 mihi,
585 2625 703 2698 donee
733 2637 856 2698 motus
883 2626 945 2698 ille
969 2624 1099 2720 organi

50 2737 179 2810 visorii
196 2736 415 2811 immodicus
431 2738 623 2812 resederit.

99 2850 152 2923 B.
182 2850 284 2924 Bene
307 2875 446 2925 mones.
499 2852 604 2925 Solet
629 2851 739 2941 enim,
759 2852 903 2948 opinor,
921 2850 1100 2925 lassitudo

51 2992 75 3042 a
103 2968 229 3042 calore
258 2969 345 3042 solis
375 2969 586 3066 hujusmodi
610 2968 806 3063 caliginem
832 2967 1101 3065 aliquantulum

50 3104 200 3180 augere.
255 3083 329 3157 Sed
345 3083 523 3180 operandi
544 3083 709 3171 modum,
726 3107 799 3179 quo
829 3081 921 3154 tales
949 3083 1102 3154 effectus

51 3195 225 3292 producit
241 3208 306 3271 aut
322 3196 385 3270 lux
403 3210 469 3270 aut
485 3198 597 3287 calor,
615 3221 691 3270 non
709 3197 797 3270 satis
815 3195 934 3269 video.
990 3195 1101 3270 Quod

52 3310 172 3385 omnis
189 3334 265 3385 non
283 3310 393 3385 modo
417 3312 550 3400 sensio,
569 3310 636 3384 sed
662 3311 774 3384 etiam
797 3310 918 3382 omnis
944 3309 1101 3383 mutatio

52 3435 173 3498 motus
189 3424 322 3521 aliquis
339 3425 443 3498 sitin
462 3425 646 3498 sentiente
660 3434 698 3497 et
715 3433 868 3511 mutato,
889 3433 927 3497 et
943 3421 1044 3519 quod
1070 3420 1101 3496 is

54 3549 174 3612 motus
190 3562 215 3611 a
231 3550 403 3612 movente
430 3538 553 3635 aliquo
579 3550 732 3611 externo
760 3547 959 3632 generatus
977 3535 1037 3624 sit,
1055 3559 1101 3608 ex

54 3674 124 3747 quo
135 3663 305 3748 tempore
316 3661 358 3725 tu
368 3651 460 3725 illud
476 3652 583 3725 nobis
600 3652 741 3747 primus
754 3649 1015 3723 demonstrasti
1025 3674 1101 3723 non

55 3764 209 3861 amplius
227 3764 368 3839 dubito.
421 3765 519 3839 Nam
536 3776 647 3839 antea
659 3787 787 3837 omnes
799 3764 877 3837 fere
890 3764 1099 3860 negabant;

55 3877 138 3973 qnia
153 3878 253 3952 forte
263 3889 416 3968 stantes,
427 3878 610 3969 sedentes,
624 3879 813 3966 cubantes,
827 3888 952 3950 tamen
963 3877 1101 3950 sentire

56 4012 92 4063 se
108 3991 200 4066 satis
216 3992 486 4089 intelligebant.

103 4105 150 4178 A.
180 4105 399 4196 Potuerunt,
409 4119 564 4204 propter
581 4105 737 4179 eandem
754 4127 917 4187 causam,
929 4103 1099 4175 dubitare

58 4241 100 4291 au
116 4232 155 4293 et
172 4220 324 4317 sanguis
341 4245 470 4294 eorum
498 4233 732 4303 moveretur3
759 4242 847 4292 nam
874 4229 1016 4290 motum
1044 4214 1101 4287 sui

59 4333 253 4429 sanguinis,
270 4334 341 4408 nisi
355 4334 502 4432 quando
517 4332 729 4421 effunditur,
748 4332 861 4405 sentit
878 4354 998 4403 nemo.

106 4444 154 4519 B.
179 4447 229 4520 Et
247 4445 467 4521 dubitabant
483 4446 632 4544 quidem
643 4459 731 4520 ante
746 4445 948 4516 Harvaeum
959 4462 1099 4513 omnes.

66 4551 164 4633 Nunc
198 4575 324 4635 autem
359 4572 397 4635 et
426 4562 648 4635 sententiam
680 4558 831 4633 Harvaei
861 4580 987 4630 veram
1021 4577 1101 4628 esse
