2618 5092
427 626 764 681 ussouurnnuuu.
858 637 862 640 '
892 638 894 643 '
1048 619 1119 683 455

91 790 165 865 'In
201 791 276 865 ΟΜ
311 805 477 866 sumatur
512 793 591 880 CN,
627 794 778 889 aequalis
813 793 1009 875 semiradio
1042 794 1117 867 BG.
1146 825 1157 866 ι

63 903 303 980 Produeatur
324 906 393 980 AD
421 905 468 980 ad
493 941 527 1004 γ,
551 907 606 980 ita
630 919 672 980 ut
699 908 758 1005 Αγ
775 908 823 981 sit
847 907 996 1003 aequalis
1025 906 1093 979 BN
1110 935 1118 978 :
1133 951 1157 994 Β.

62 1019 320 1115 jungaturque
343 1019 417 1116 Ny,
441 1043 552 1115 quam
579 1033 681 1094 secet
710 1020 772 1092 ΕΒ
795 1021 977 1119 producta
1006 1020 1044 1092 in
1069 1021 1157 1124 Ρεξξ

61 1130 318 1227 jungaturque
338 1132 408 1221 BP,
427 1156 556 1205 secans
574 1132 643 1206 GH
659 1133 700 1206 in
715 1132 761 1206 V.

117 1245 185 1319 Est
203 1268 292 1340 ergo
314 1245 395 1341 (per
411 1269 518 1342 prop.
537 1251 598 1328 47.
616 1246 733 1319 Elem.
743 1246 772 1336 i)
789 1244 1012 1341 quadratum
1024 1272 1046 1319 a
1058 1246 1119 1320 BP

64 1354 266 1452 decuplum
284 1357 454 1454 quadrati
472 1357 615 1432 ab'NP.
667 1358 735 1435 Est
755 1370 880 1431 autem
898 1358 1119 1454 quadratum

65 1493 87 1541 a
105 1469 211 1542 radio
228 1471 294 1543 AB
310 1470 557 1567 quadruplum
575 1470 748 1567 quadrati
765 1471 811 1543 ab
829 1471 918 1545 NP:
946 1485 985 1546 et
1007 1496 1119 1568 prop-

65 1594 182 1670 terea,
201 1583 423 1678 quadratum
440 1608 464 1655 a
480 1584 543 1657 BP
556 1596 613 1658 est
630 1583 680 1656 ad
697 1583 919 1680 quadratum
937 1586 984 1659 ab
999 1586 1065 1658 AB
1077 1599 1120 1659 ιιι

69 1704 115 1770 10
132 1695 182 1769 ad
199 1705 236 1770 4.
281 1697 516 1772 Probandum
534 1721 624 1795 ergo
643 1708 698 1771 est
715 1708 836 1772 rectas
855 1698 926 1789 BP,
947 1698 1022 1771 ΒΜ
1041 1722 1119 1772 esse

64 1808 237 1904 aequales.

115 1921 285 1995 Ducatur
299 1923 380 1997 ΜΟ
392 1922 568 2018 parallela
586 1923 663 2010 NP,
678 1945 806 1996 secans
825 1923 887 1996 BP
898 1923 1118 2018 productam

62 2037 102 2109 in
127 2037 175 2124 Ο,
195 2048 232 2109 et
257 2036 318 2111 BP
343 2037 566 2132 productam
589 2035 628 2108 iu
658 2035 702 2108 R.
755 2037 836 2109 Erit
864 2059 952 2131 ergo
972 2037 1119 2110 NMRP

64 2150 334 2246 rectangulum.
388 2150 557 2223 Ducatur
585 2173 607 2221 a
636 2163 776 2245 puncto
804 2149 846 2222 M
872 2149 920 2221 ad
947 2150 1008 2224 BP
1035 2174 1118 2246 per-

62 2264 309 2359 pendicularis
321 2263 397 2337 ΜΟ
410 2295 419 2347 ;
438 2287 522 2360 quae
536 2262 722 2358 producta
735 2262 875 2336 incidat
889 2263 927 2335 in
944 2264 1005 2335 ΕΡ
1017 2263 1064 2335 ad
1079 2265 1116 2336 S.

113 2377 210 2449 Sunt
233 2401 322 2471 ergo
349 2377 538 2472 triangula
556 2377 667 2465 BNP,
687 2377 796 2450 BOM
823 2375 967 2450 similia.
1021 2377 1119 2449 Nam

61 2490 189 2586 anguli
207 2490 255 2562 ad
273 2490 307 2562 N
327 2502 364 2562 et
381 2491 414 2563 Ο
429 2500 516 2563 sunt
535 2490 628 2563 recti
646 2490 820 2586 aequaleS,
840 2501 879 2564 et
896 2490 1052 2585 angulus
1070 2493 1119 2564 ad

62 2602 339 2677 Beommunis.
395 2604 521 2678 Quare
553 2603 666 2677 etiam
701 2603 829 2700 anguli
865 2604 987 2694 BMO,
1019 2605 1116 2677 BPN

61 2729 149 2791 sunt
166 2716 336 2812 aequales.

112 2831 181 2904 Si
166 2854 244 2926 Jam
262 2842 375 2902 rectae
393 2828 476 2916 ΜΒ,
490 2828 572 2904 Mu
591 2844 679 2903 sunt
696 2831 867 2927 aequales,
881 2830 1117 2904 manifestum

61 2955 118 3018 est
145 2943 306 3039 aequales
336 2965 485 3038 quoque
513 2965 594 3016 esse
622 2943 722 3018 inter
751 2958 898 3018 aetum
928 2944 1002 3033 RS,
1033 2943 1118 3027 OQ,

59 3057 271 3131 tumetium
289 3055 378 3140 ΜΟ,
406 3055 497 3141 ΜΒ
523 3068 562 3131 et
578 3069 762 3152 praeterea
779 3057 856 3145 ΒΟ,
876 3057 966 3131 BN.
995 3067 1033 3129 et
1049 3078 1118 3151 per

60 3193 303 3267 consequens,
322 3167 545 3264 quadratum
562 3193 585 3242 a
602 3168 677 3242 ΒΜ
700 3169 749 3243 ad
776 3168 998 3266 quadratum
1013 3193 1035 3241 a
1053 3167 1117 3241 BG

60 3297 102 3358 ut
126 3292 171 3358 10
190 3283 239 3356 ad
254 3293 291 3356 4.
344 3282 456 3357 Quod
473 3293 530 3354 est
547 3281 789 3378 propositum.

111 3399 290 3471 Sumatur
307 3396 346 3469 in
366 3396 438 3468 BM
460 3418 545 3491 pars
568 3395 683 3491 ipsius
711 3395 823 3468 tertia
852 3393 914 3483 Ba,
933 3393 1033 3490 quod
1050 3394 1116 3469 fiet

59 3508 243 3586 sumendo
256 3510 313 3583 Ga
331 3509 480 3583 tertiam
498 3521 641 3604 partem
659 3521 772 3582 rectae
790 3508 869 3583 GL.
915 3508 1034 3581 Badio
1053 3534 1113 3582 au·

59 3638 137 3700 tem
155 3624 213 3696 Ba
232 3623 463 3696 describatur
477 3645 585 3696 arcus
601 3623 729 3695 circuli
747 3647 876 3696 secans
893 3635 1034 3696 rectam
1049 3623 1114 3696 GV

59 3737 209 3824 alicubi,
229 3747 267 3809 et
284 3735 432 3831 quidem
454 3734 579 3828 (sensu
594 3734 736 3832 judice)
758 3736 796 3808 in
815 3735 895 3831 ipso
913 3749 1054 3831 puncto
1068 3737 1112 3808 V.

109 3851 256 3923 Rursus
291 3847 504 3943 duplicato*
537 3848 600 3934 Ba,
632 3858 676 3919 ut
702 3847 770 3920 fiat
799 3847 853 3942 Ba
879 3847 963 3921 duae
993 3848 1113 3921 tertiae

58 3974 174 4038 rectae
204 3961 301 4035 BM:
328 3972 366 4034 et
389 3959 493 4035 radio
521 3959 575 4038 Bt
593 3959 825 4034 describatur
848 3984 955 4034 arcus
985 3961 1113 4032 circuli

59 4099 191 4152 secans
210 4074 278 4148 CD
296 4074 334 4147 in
353 4100 394 4171 γε
421 4074 554 4146 iterum
575 4074 705 4164 (sensu
728 4073 872 4169 judice)
892 4085 1070 4169 puuctum
1090 4107 1113 4170 y

59 4192 131 4267 erit
149 4191 187 4262 iu
207 4186 467 4261 intersectione
494 4198 679 4260 rectarum
700 4186 771 4274 BP,
791 4185 868 4259 ΟΒ.
921 4185 1112 4259 Postremo

59 4304 165 4378 radio
191 4313 272 4375 toto
300 4300 373 4373 BM
401 4299 608 4394 descriptus
635 4323 742 4372 arcus
767 4298 907 4385 circuli,
939 4299 1112 4372 transibit

447 4539 461 4570 *
484 4538 533 4597 Sic
548 4539 616 4597 cuit.
637 4540 721 4597 1668.
