2618 5092
350 658 633 712 Puoutuuara
650 658 844 713 Pursrca.
1046 648 1117 713 315

73 832 196 895 tamen
223 844 313 895 oum
343 834 430 897 sunt
453 823 493 899 iu
516 822 646 897 eadem
672 824 770 897 linea
800 833 926 907 recta;
952 823 993 896 id
1021 826 1120 922 quod
1172 853 1241 894 can.
1256 853 1289 892 n.

55 934 260 1032 contingit
276 935 316 1008 in
333 935 531 1010 noviluniis
548 948 587 1010 et
603 936 815 1034 pleniluniis
832 936 931 1010 solis.
1159 922 1297 1024 Μ

118 1047 166 1123 A.
194 1049 382 1124 Quaenam
397 1065 523 1124 autem
541 1062 737 1140 causaest,
756 1050 856 1147 quod
875 1049 988 1124 bisin
1009 1075 1118 1141 anno,
1162 1045 1259 1089 'wll‘

72 1162 248 1236 nimirum
261 1163 302 1236 in
320 1164 562 1260 aequinoctiis,
578 1176 690 1238 aestus
707 1164 802 1235 fiunt
819 1163 985 1236 omnium
1001 1165 1120 1238 multo

72 1273 251 1348 mannii?

120 1389 172 1462 B.
201 1387 358 1461 Crateris
375 1388 463 1461 anni
480 1389 720 1487 temporibus,
743 1389 836 1486 quia*
848 1401 948 1463 terra
970 1401 1120 1465 nonest

72 1501 111 1574 in
123 1501 237 1599 plano
250 1500 380 1576 circuli
397 1502 663 1599 aequinoctialis
681 1502 848 1592 caelestiS,
865 1514 987 1577 motus
1008 1514 1118 1577 terrae

74 1613 133 1687 ille
150 1637 262 1711 quem
272 1613 395 1688 facere
407 1626 538 1689 astum
553 1616 739 1712 supposui,
753 1627 858 1690 tanto
873 1616 994 1689 minus
1005 1641 1117 1713 auge-

74 1728 186 1816 bitur,
214 1739 354 1824 quanto
380 1739 502 1803 motus
532 1729 701 1826 obliquus
731 1728 886 1803 debilius
912 1730 990 1826 agit
1009 1756 1119 1828 quam

74 1841 400 1940 perpendicularis,

123 1954 171 2029 A.
198 1955 297 2030 Satis
315 1966 439 2029 essent
456 1956 536 2030 baec
552 1957 769 2053 probabilia,
787 1957 817 2030 si
839 1968 939 2030 terra
955 1970 994 2031 et
1014 1957 1121 2031 stella

77 2081 199 2142 motus
217 2067 311 2141 tales
328 2092 456 2142 revera
472 2069 652 2144 baberent
664 2092 757 2166 quos
772 2083 814 2142 tu
830 2071 1018 2167 supponis.
1046 2071 1120 2143 Sed

78 2181 223 2271 deboc,
241 2205 310 2255 uec
328 2182 408 2256 siue
425 2183 580 2271 ratione,
598 2183 738 2257 dubito.
791 2184 889 2257 Nam
913 2208 998 2257 cum
1025 2185 1120 2257 aeris

78 2294 327 2391 rejectionem,
346 2295 508 2369 motibus
524 2295 735 2392 hujusmodi
752 2297 1014 2385 adhaerentem,
1034 2321 1120 2370 cau-

78 2430 245 2481 samesse
258 2407 360 2481 dicas
370 2408 469 2504 quod
481 2419 615 2482 caetera
625 2432 781 2505 corpora
790 2410 915 2483 omnia
924 2410 972 2484 ad
982 2423 1119 2484 terram

78 2520 326 2595 descendant:
353 2544 420 2595 eur
436 2544 512 2594 non
533 2545 637 2617 reque
654 2520 852 2596 dicendum
870 2535 939 2610 est,
963 2548 1048 2598 cum
1065 2525 1121 2597 sol

79 2647 116 2708 et
142 2633 234 2707 luna
262 2657 386 2707 aerem
419 2635 600 2730 rejiciant,
636 2649 770 2710 caetera
801 2661 957 2734 corpora
985 2650 1121 2737 praeter

79 2770 200 2821 aerem
224 2747 351 2821 omnia
377 2745 425 2820 ad
449 2747 574 2822 stellas
602 2772 729 2823 omnes
753 2750 922 2826 similiter
947 2753 1057 2842 itura,
1084 2766 1122 2827 et

79 2860 129 2934 sic
146 2860 264 2934 solem
280 2872 319 2933 et
334 2872 471 2934 terram
485 2862 524 2934 in
541 2886 656 2936 unum
674 2887 807 2960 corpus
822 2864 1003 2939 coalitura
1015 2866 1120 2939 esse?

128 2973 178 3047 B.
206 2972 294 3046 Non
307 2985 363 3048 est
378 2997 541 3048 necesse.
578 2976 675 3048 Nam
690 2976 719 3049 si
734 2977 809 3050 dno
825 3001 982 3074 corpora
999 3002 1122 3051 aerem

79 3110 155 3162 ase
172 3085 356 3181 rejiciant,
374 3086 594 3182 reprimetur
609 3089 783 3187 utrinque
801 3102 923 3163 motus
940 3090 1047 3176 aeris,
1070 3092 1123 3164 ita

79 3211 119 3274 ut
134 3198 201 3273 illa
216 3198 292 3273 duo
308 3222 465 3296 corpora
478 3200 578 3274 coire
593 3202 846 3298 nonpossint:
874 3203 944 3275 nisi
957 3202 1123 3277 dicamus

78 3336 213 3402 aerem,
231 3311 278 3385 ab
295 3323 452 3409 utroque
469 3311 579 3386 simul
601 3317 758 3410 corpore
782 3315 971 3411 rejectum,
990 3315 1123 3413 expelli

78 3439 251 3501 enatura
267 3448 401 3498 rerum.

125 3540 173 3612 A.
201 3538 386 3611 Videntur
415 3562 505 3637 ergo
531 3538 605 3613 duo
630 3552 729 3615 astra
754 3540 927 3637 quaelibet
960 3541 1058 3614 inter
1084 3564 1123 3615 se

78 3652 293 3728 &stantiam
310 3651 495 3750 quandam
512 3665 639 3728 tenere
656 3655 703 3728 ab
728 3655 797 3729 hac
815 3677 927 3728 causa
950 3654 1124 3728 determi-

78 3779 219 3856 natam,
243 3777 281 3840 et
296 3764 452 3862 proinde
469 3764 518 3839 ad
535 3789 574 3840 se
595 3767 754 3841 invicem
779 3768 931 3864 propius
948 3769 1125 3842 accedere

77 3880 136 3954 rel
161 3879 311 3977 longius
339 3878 441 3952 abire
469 3903 545 3953 non
571 3903 678 3977 posse
703 3904 814 3977 quam
835 3905 903 3976 pro
920 3881 1124 3977 aequilibrio

77 3995 225 4069 virium.
269 3992 426 4065 Videtur
443 3992 567 4079 etiam,
585 3995 776 4090 supposito
793 3993 893 4091 quod
909 3993 985 4091 poli
1003 4008 1125 4067 motus

79 4108 189 4206 hujus
209 4105 449 4201 (considerati
470 4104 509 4177 in
532 4104 608 4179 sole
634 4118 671 4179 et
699 4106 801 4196 lona)
831 4119 916 4179 sunt
943 4106 983 4179 in
1013 4107 1124 4201 plano

80 4219 358 4319 aequinoctialiS,
392 4230 515 4292 motus
543 4218 605 4292 ille
634 4219 721 4292 solis
751 4243 862 4292 eausa
893 4243 972 4292 esse
1002 4231 1124 4291 motus

82 4348 189 4410 terrae
207 4333 344 4407 diurni.
395 4334 518 4429 Atque
540 4333 662 4423 etiam,
681 4333 768 4430 quia
789 4344 912 4406 motus
938 4343 1047 4405 terrae
1068 4343 1125 4404 est

82 4447 121 4522 in
150 4448 265 4547 plano
296 4445 486 4543 eclipticas,
518 4459 655 4520 terram
686 4447 820 4521 debere
855 4458 997 4520 motum
1027 4447 1125 4519 lunae
