2618 5092
243 692 315 759 224
463 704 730 761 uxautrturlo
748 706 801 761 ΕΤ
817 705 1066 761 EMENDATIO

53 895 206 939 „mus
242 846 557 923 semicirculorum
574 848 737 945 quidem,
753 860 793 921 et
811 844 1253 945 quadrantumetaliorm

111 978 153 1019 vr
242 973 424 1034 sectorum
453 975 581 1035 centra
605 960 800 1059 gravitatis
825 983 1065 1058 cognoscere,
1089 957 1254 1035 utilitatem

55 1045 405 1171 *aliquam
434 1075 546 1150 habet
562 1075 611 1149 ad
627 1098 763 1172 magna
778 1073 947 1166 aedificia,
963 1084 1160 1172 propterea
1181 1066 1256 1169 quod

241 1209 331 1259 saxa
346 1186 504 1283 grandia
520 1186 606 1261 talis
621 1187 764 1276 formae,
780 1210 945 1285 appensa
965 1184 1142 1261 acentris
1163 1182 1257 1281 grati·

240 1310 360 1372 tatum
377 1323 539 1388 suarum,
557 1300 720 1375 elevari
709 1325 749 1374 ru
765 1298 884 1375 altum
898 1309 1057 1398 possunt
1076 1298 1258 1373 horizonta

241 1413 337 1503 liter,
366 1427 406 1487 et
430 1415 586 1512 proinde
608 1427 696 1512 apte
725 1414 923 1501 eollocari;
949 1412 1052 1511 quod
1078 1413 1183 1488 aliter
1198 1408 1258 1487 fieri

244 1549 323 1600 non
334 1539 469 1624 potest,
487 1528 566 1602 siue
580 1528 699 1602 multo
712 1527 850 1615 labore,
863 1542 977 1625 atque
990 1527 1105 1601 etiam
1125 1522 1258 1625 periculo

241 1662 301 1729 ne,
321 1640 409 1713 dum
426 1641 591 1715 vectibus
608 1641 912 1738 detorqueantur,
930 1640 1198 1737 diffringantur.

291 1753 341 1827 B.
367 1754 520 1852 Redigis
537 1754 628 1828 mihi
644 1754 683 1827 in
701 1754 917 1829 memoriam
932 1753 1099 1829 fabulam
1111 1751 1260 1850 vulpisat

241 1867 390 1941 racemi.

290 1980 340 2055 Α.
367 1980 486 2054 Irride
513 1991 694 2080 quantum
716 1979 879 2055 libuerit.
931 1979 1015 2077 Ego
1044 1979 1128 2055 haec
1158 1976 1260 2053 nihilo

240 2093 363 2167 miuus
385 2094 591 2190 relinquam
607 2093 680 2168 illis
693 2093 827 2192 quibus
843 2093 991 2189 longius
1016 2102 1184 2190 speratur
1193 2105 1261 2167 ten·

238 2230 310 2303 pus
343 2206 503 2280 vivendi.
584 2206 707 2280 Credo
742 2219 781 2280 te
815 2206 878 2303 qui
914 2205 1261 2281 demonstrationibus

238 2320 404 2415 legendis
422 2321 587 2393 animum
605 2320 739 2392 aeriter
756 2320 950 2393 intendere
975 2320 1107 2394 solitus
1124 2345 1173 2411 es,
1195 2316 1260 2392 satia

236 2433 315 2528 jam
334 2433 484 2506 taudem
499 2432 743 2528 defatigatum
761 2456 851 2506 esse.

293 2546 342 2619 B.
370 2547 449 2642 Ego
467 2570 554 2620 vero
568 2546 731 2618 minime.
770 2545 943 2619 Delector
960 2546 1061 2619 euim
1078 2544 1260 2644 paradoxis,

239 2659 361 2754 qualia
378 2671 465 2732 sunt
481 2659 573 2748 haec,
588 2684 670 2755 quae
688 2659 844 2756 legimus
857 2660 933 2732 fere
952 2661 1090 2734 omnia.

294 2772 343 2844 A.
372 2772 477 2844 Itane
492 2773 569 2845 ais?

290 2883 340 2958 B.
368 2883 468 2959 Quid
503 2883 568 2957 ni?
626 2884 737 2959 Quod
770 2896 951 2980 punctum
981 2886 1262 2981 magnitudinem,

239 2997 309 3069 etsi
339 2996 537 3094 aliquando
563 3020 640 3068 non
669 2995 952 3086 consideratam,
976 2997 1140 3094 aliquam
1164 3013 1263 3073 umen

237 3110 385 3199 habeat,
402 3110 631 3208 paradoxum
648 3135 725 3183 non
743 3109 828 3182 est?

288 3224 336 3296 A.
363 3225 431 3297 Est
445 3224 604 3320 quidem,
618 3222 780 3319 sequutis
794 3223 989 3295 doctorum
1003 3225 1265 3300 authoritatem:

238 3339 428 3412 utentibus
458 3351 582 3412 autem
609 3338 753 3410 ratione
778 3336 941 3435 propria,
959 3338 1189 3433 paradoxum
1208 3358 1266 3411 non

237 3462 304 3523 est.

289 3563 339 3636 B.
367 3563 479 3638 Quod
496 3563 590 3636 ratio
611 3563 832 3659 ecquidem,
851 3588 960 3660 quam
978 3564 1121 3638 habent
1138 3566 1227 3639 inter
1241 3585 1270 3635 se

237 3675 312 3748 duo
329 3676 535 3772 inaequalia,
554 3677 741 3774 quantitas
765 3678 824 3761 sit,
844 3702 888 3750 ea
904 3702 1004 3766 vero,
1024 3703 1136 3774 quarn
1153 3681 1272 3753 babent

237 3787 311 3861 duo
346 3790 513 3885 aequalia,
550 3790 737 3884 quantitas
769 3813 844 3862 non
879 3790 938 3875 sit,
963 3791 1194 3887 paradoxum
1217 3803 1273 3866 est.

238 3901 350 3977 Quod
367 3902 406 3974 in
424 3903 542 3975 tribus
559 3902 733 3976 continue
760 3905 1112 3999 proportionalibus,
1132 3928 1274 4003 quorum

235 4015 396 4111 primum
423 4027 479 4089 est
508 4017 713 4105 minimum,
743 4017 837 4091 ratio
864 4017 974 4114 primi
1000 4018 1050 4091 ad
1085 4020 1276 4093 secundam

236 4129 396 4203 semissis
422 4141 479 4202 est
504 4130 658 4203 rationis
687 4131 798 4225 primi
823 4131 871 4203 ad
898 4130 1071 4206 tertium:
1098 4134 1199 4230 quod
1221 4157 1276 4206 an·

233 4243 343 4339 gallus
372 4243 583 4316 rectilineus
613 4255 669 4317 est
695 4244 883 4339 quantitas
915 4246 1170 4320 conversionis
1194 4245 1278 4321 radii

234 4357 334 4430 eirca
351 4368 543 4430 centrum:
571 4357 671 4453 quod
701 4358 858 4454 angulus
884 4370 1080 4433 contactus
1097 4374 1157 4434 est
1173 4384 1278 4458 quan·

234 4470 334 4560 titas,
368 4495 447 4544 esse
474 4481 600 4543 tamen
634 4471 791 4568 angulos
814 4471 861 4545 ad
888 4495 980 4568 quos
1011 4472 1075 4546 ille
1105 4475 1278 4548 rationem

232 4582 367 4659 habeat
393 4584 555 4657 nullam:
583 4584 717 4658 deinde
748 4585 822 4675 illa,
853 4608 935 4680 quae
965 4584 1055 4658 bine
1089 4586 1278 4673 deduxisti,
