2618 5092
397 623 451 677 nn
470 625 641 680 urruns
660 625 797 680 sums.
1039 608 1112 688 279

115 786 167 861 A.
195 786 273 862 Sed
290 787 416 864 dixisti
431 792 543 866 modo
560 793 684 888 ignem
707 816 786 866 esse
808 793 926 889 ignita
943 815 1109 888 corpora.

72 900 197 996 ltaque
214 925 284 998 per
302 902 426 998 ignem
442 904 617 1002 intelligis
633 929 793 1002 corpora
817 929 901 1002 quae
930 905 969 979 in
997 905 1110 1002 liguo,

69 1013 123 1086 vel
139 1013 215 1088 alia
227 1016 396 1108 materia,
407 1017 651 1091 candescente
662 1029 701 1091 et
711 1017 947 1092 calefaciente
960 1018 1110 1092 candes·

67 1137 158 1200 cunt
182 1136 223 1201 et
247 1127 492 1203 mlefaciuut:
518 1130 572 1203 ita
590 1140 633 1204 ut
661 1129 758 1226 ignis
781 1153 855 1204 non
880 1131 1021 1205 sitnisi
1047 1133 1111 1228 qui

68 1262 201 1336 corpus
218 1239 268 1313 sit
285 1253 322 1314 et
334 1241 373 1315 iu
389 1242 475 1338 igne
492 1242 577 1331 alio,
596 1243 658 1338 qui
675 1266 801 1316 rursus
815 1243 864 1317 sit
880 1243 919 1316 in
935 1244 1021 1339 igne
1038 1256 1110 1318 ter·

66 1353 129 1442 tio,
147 1364 187 1429 et
204 1353 310 1428 sicin
324 1354 518 1430 infinitum.
555 1357 604 1429 Et
619 1368 827 1452 propterea,
838 1356 963 1453 ignem
977 1380 1110 1454 corpus

66 1489 145 1541 ome
173 1490 197 1541 a
224 1491 379 1565 corpore
405 1469 524 1566 ignito
554 1469 753 1558 diversum,
779 1469 882 1543 dictu
911 1470 1111 1544 absurdum

66 1592 134 1655 est.
186 1581 286 1656 Dum
303 1585 498 1679 quaerimus
515 1606 605 1680 ergo
622 1582 712 1681 quid
728 1582 777 1657 sit
792 1583 901 1678 ignis,
917 1606 993 1657 non
1009 1580 1112 1656 aliud

66 1699 267 1795 quaerimus
296 1724 406 1798 quam
432 1724 592 1789 causam,
622 1722 736 1796 quare
769 1699 923 1796 lignum,
946 1700 1005 1772 vel
1038 1698 1111 1771 alia

65 1813 234 1902 materia,
251 1812 350 1887 lucet
367 1826 405 1888 et
420 1812 609 1887 calefacit:
628 1811 667 1885 id
685 1821 753 1900 est,
770 1835 896 1885 causas
913 1811 1110 1907 quaerimus

65 1925 157 2000 lucis
187 1937 227 2000 et
253 1927 398 2016 caloris,
425 1926 485 2000 vel
511 1925 634 2021 potius
662 1926 843 2000 censionis
871 1935 1018 2014 nostrae,
1037 1948 1111 2020 qua

65 2039 186 2113 lucem
205 2052 243 2113 et
260 2039 419 2113 calorem
435 2038 670 2136 percipimus,

116 2152 168 2225 B.
195 2152 335 2248 Negari
348 2153 418 2225 hoc
435 2150 600 2248 profecto
618 2175 694 2224 non
707 2159 842 2247 potest.
877 2149 951 2223 Sed
963 2148 1056 2223 lucis
1072 2161 1111 2223 et

65 2264 199 2339 caloris
216 2288 337 2338 causae
349 2287 445 2338 verae
464 2287 633 2361 quaenam
651 2262 762 2337 sunt?

113 2377 166 2451 A.
193 2378 272 2452 lllae
301 2379 390 2474 ipsae
413 2401 503 2474 quas
530 2378 570 2451 iu
596 2377 692 2450 libro
722 2396 777 2449 nn
806 2397 1010 2462 consona,
1029 2398 1110 2470 cap.

64 2492 178 2582 xxvii,
203 2492 250 2565 ab
280 2490 541 2588 hypothesibus
567 2491 653 2580 suis,
685 2488 858 2562 methodo
882 2488 1110 2561 demonstra·

65 2605 155 2695 tiva,
172 2629 250 2679 non
268 2605 423 2680 obscure
442 2604 620 2679 derivavit
638 2603 832 2686 Hobbius;
859 2626 1023 2699 quasque
1048 2603 1109 2675 hic

66 2719 170 2817 (quia
197 2718 291 2792 liber
316 2720 433 2813 extat)
462 2718 642 2792 deducere
668 2741 744 2791 non
768 2729 826 2790 est
852 2716 1107 2789 necessarium.

65 2831 232 2905 Sufficiat
249 2832 475 2929 quodmodo
492 2844 530 2906 te
548 2830 668 2920 docui,
696 2831 820 2927 ignem
848 2853 924 2902 non
954 2853 1032 2902 esse
1062 2831 1108 2902 ab

63 2942 184 3040 ignito
213 2969 367 3042 corpore
394 2946 589 3019 diversum.
648 2943 748 3018 Quid
765 2957 889 3017 autem
908 2938 953 3015 de
970 2943 1108 3038 frigore

63 3071 103 3131 et
121 3057 244 3154 glacie
273 3059 475 3156 opinamini
503 3058 595 3132 vos?
657 3058 758 3130 Num
784 3056 895 3129 etiam
924 3054 1040 3150 frigus
1070 3065 1108 3128 et

61 3170 220 3267 glaciem
237 3173 455 3270 corpuscula
471 3172 609 3269 putatis
625 3169 759 3267 frigida
777 3182 813 3243 et
830 3167 999 3264 glacialia
1016 3191 1105 3257 esse,

61 3285 100 3359 in
116 3285 275 3360 materia
291 3286 426 3383 frigida
442 3297 481 3360 et
497 3282 669 3382 glaciali?

108 3398 158 3473 B.
187 3400 244 3473 De
270 3401 389 3475 causis
418 3399 565 3496 frigoris
591 3410 630 3473 et
652 3394 784 3494 glaciei
819 3393 984 3467 nondum
1014 3393 1106 3467 certi

60 3510 201 3609 aliquid
222 3513 440 3589 invenimus.
494 3512 605 3588 Quod
635 3521 759 3617 autern
785 3531 883 3604 aqua
902 3506 990 3579 dum
1017 3529 1106 3579 con-

59 3625 207 3723 gelatur
223 3627 359 3712 rarefit,
378 3625 605 3722 experientia
615 3622 822 3696 didicimus.

106 3739 160 3812 A.
187 3739 355 3812 Rarelit?
419 3739 506 3813 Non
539 3737 716 3832 intelligo.
782 3731 970 3831 Siquidem
1006 3731 1105 3805 enim

60 3850 216 3924 eandem
250 3873 404 3926 numero
437 3873 571 3948 aquam
603 3849 780 3945 majorem
818 3844 918 3919 dicas
951 3844 1103 3941 implere

59 3963 182 4038 locum
199 3964 428 4060 congelatam
447 3988 558 4060 quam
580 3987 656 4036 non
684 3958 927 4058 congelatam,
942 3957 981 4031 id
1011 3955 1103 4029 dicis

59 4075 159 4173 quod
192 4076 317 4150 animo
350 4079 544 4173 concipere
577 4097 766 4171 nunquam
800 4071 948 4168 poteris.
1004 4069 1102 4141 Nam

58 4188 155 4263 idem
172 4212 327 4262 numero
345 4213 478 4286 corpus
495 4188 650 4262 eandem
679 4208 823 4282 semper
846 4184 959 4256 habet
986 4205 1102 4277 quan-

58 4300 214 4390 titatem,
231 4301 418 4390 nimirum,
432 4302 634 4398 locoquem
645 4299 784 4396 implet,
799 4295 866 4370 sub
880 4315 1101 4391 quacunque

58 4414 186 4511 figura,
205 4438 349 4511 semper
376 4415 566 4512 aequalem.
619 4413 685 4487 Sin
711 4410 806 4484 aeris
832 4406 1032 4504 particulas
1061 4404 1101 4480 in

59 4551 188 4626 aquam
199 4528 297 4604 inter
308 4528 576 4626 congelandum
588 4527 769 4622 ingressas
783 4520 891 4596 simul
902 4543 1100 4617 cumaqua,
1168 4569 1170 4573 -
