2640 5092
732 151 799 178 ''!

375 654 429 705 nn
448 653 618 707 neruus
637 653 775 706 sums.
1017 636 1090 716 247

49 842 95 892 es
110 827 246 892 natura
261 816 435 914 praeditis,
453 829 495 891 ut
512 817 674 914 pondere
695 818 940 892 incumbentis
956 828 1093 894 utmos-

49 931 188 1028 phaerae
206 954 424 1027 compressae
441 941 622 1004 conentur
637 942 816 1027 quantum
832 942 988 1027 possunt
1005 956 1094 1006 con·

49 1044 264 1119 tranitendo
283 1044 500 1141 simulatque
518 1044 737 1140 corpuscula
758 1043 821 1116 illa
845 1056 1093 1133 removentur,

50 1158 110 1232 vel
132 1182 351 1255 quacunque
374 1158 420 1232 de
440 1182 551 1231 causa
574 1157 723 1248 cedunt,
750 1181 829 1231 sese
858 1183 881 1231 a
908 1183 1093 1255 compres-

50 1271 155 1344 sione
172 1271 339 1345 hberare.
393 1271 623 1368 intelligetur
647 1283 770 1343 autem
789 1271 919 1345 melius
936 1272 975 1345 id
993 1271 1093 1368 quod

51 1383 221 1474 dicimus,
255 1385 287 1459 si
321 1385 505 1481 concipias
534 1407 657 1457 aerem
690 1383 789 1457 hunc
814 1407 930 1481 prope
956 1396 1093 1459 terram

51 1499 157 1595 qnasi
173 1498 361 1572 cumulum
378 1522 456 1572 esse
473 1497 784 1594 corpusculorum,
810 1522 893 1594 quae
915 1499 988 1572 alia
1012 1498 1093 1572 aliis

51 1611 324 1706 superjacentis
341 1611 462 1685 lanam
486 1610 663 1700 referunt,
691 1612 795 1706 cujus
824 1611 890 1708 pili
917 1610 1028 1684 exiles
1056 1620 1094 1685 et

52 1722 232 1797 flexibiles
248 1725 361 1799 veluti
378 1724 535 1799 totidem
553 1724 687 1798 clastra
706 1734 784 1796 tum
807 1723 915 1797 facile
938 1724 1038 1797 flecti
1055 1736 1094 1797 et

53 1836 224 1910 convolvi
253 1850 420 1933 possunt,
449 1849 528 1910 tum
556 1837 667 1910 etiam
697 1848 876 1933 perpetuo
913 1847 1094 1911 conantur

53 1972 133 2022 sese
150 1949 349 2023 extendere
366 1962 403 2024 et
419 1950 625 2023 restituere.
677 1948 800 2022 Veluti
825 1950 854 2022 si
875 1949 955 2045 quis
970 1950 1095 2024 lenam

53 2084 167 2135 manu
210 2063 445 2159 undiquaque
492 2062 762 2158 comprimeret,
807 2062 1094 2160 unumquodque

53 2186 178 2248 temen
195 2174 299 2249 filum
324 2177 402 2273 ejus
419 2174 585 2272 potentia
602 2174 677 2247 sive
700 2173 881 2270 principio
898 2175 1095 2270 praeditum

54 2299 110 2360 est
128 2287 185 2361 sui
209 2287 412 2380 dilatativo,
430 2290 533 2384 cujus
549 2289 697 2377 virtute,
714 2287 837 2360 luxata
859 2311 983 2379 manu,
1009 2288 1096 2362 lone

55 2413 260 2496 spontaneo
285 2414 389 2475 motu
414 2425 454 2475 se
481 2400 658 2474 distendit
684 2412 721 2474 et
747 2401 920 2475 restituit.
972 2403 1096 2497 Atque

55 2536 121 2609 per
138 2514 298 2610 partium
317 2515 412 2588 aeris
429 2515 504 2587 vim
526 2515 620 2587 hanc
639 2513 838 2602 elasticam,
855 2514 1095 2610 plurimorum

55 2627 156 2700 circe
171 2651 329 2700 vacuum
346 2640 384 2701 et
407 2639 578 2700 naturam
605 2628 700 2699 aeris
726 2628 999 2723 phaenomenon
1022 2652 1097 2702 non

55 2751 113 2812 est
127 2739 285 2814 difficilis
303 2740 508 2836 explicatio.
560 2739 667 2813 Alter
684 2739 815 2814 modus
833 2753 948 2814 est-

104 2851 152 2924 A.
180 2853 381 2926 Differatur
397 2854 586 2949 paululum
602 2853 662 2925 ille
677 2853 771 2926 alter
783 2854 925 2927 modus.
952 2855 1099 2929 Interea

55 2990 182 3065 quaero
199 2990 223 3038 a
239 2977 289 3054 tc,
307 2988 429 3039 nonne
446 2966 564 3039 omnis
581 2966 825 3062 hypotheseos
849 2967 907 3039 lex
933 2967 1012 3041 haec
1030 2979 1096 3058 est,

55 3092 98 3152 ut
116 3102 199 3174 quae
216 3090 471 3174 supponuntur
483 3079 606 3151 omnia
619 3077 778 3152 debeant
789 3102 867 3152 esse
885 3102 952 3152 sua
965 3093 1098 3152 natura

54 3191 256 3290 possibilia,
283 3189 321 3263 id
343 3202 410 3280 est,
434 3190 673 3286 cogitabilia?

109 3305 160 3378 B.
186 3303 357 3378 Omnino.
410 3303 459 3376 Et
486 3326 567 3399 quae
594 3303 656 3376 hic
683 3304 901 3399 supponitur
929 3303 997 3391 vis,
1025 3325 1099 3399 qua

55 3442 185 3514 pressa
202 3441 241 3490 se
261 3417 472 3507 restituunt,
489 3416 596 3490 facile
622 3417 770 3512 quidem
797 3441 881 3489 cum
908 3415 946 3488 in
973 3415 1099 3489 multis

55 3534 169 3606 rebus
187 3531 360 3627 conspici,
373 3541 451 3604 tum
469 3529 507 3603 in
524 3554 608 3603 aere
626 3529 770 3626 concipi
782 3528 953 3602 facillime
965 3539 1100 3624 potest.

109 3646 161 3719 A.
189 3644 273 3718 Hoc
290 3644 436 3740 quidem
454 3669 579 3717 verum
598 3656 665 3718 est.
703 3645 800 3716 Nam
813 3643 979 3716 videmus
995 3642 1101 3716 lami·

58 3782 145 3832 nam
164 3757 377 3855 chalybeam
393 3758 536 3831 balistae
558 3770 685 3846 tensae,
708 3781 775 3854 per
799 3758 874 3829 vim
898 3756 999 3829 illam
1023 3756 1100 3829 sive

56 3872 280 3968 principium
302 3871 555 3959 restitutionis,
573 3870 680 3943 simul
697 3895 741 3943 ac
759 3871 943 3943 sublatum
962 3881 1018 3943 est
1035 3870 1100 3942 im·

56 3985 323 4082 pedimentum,
334 3984 563 4058 velocissimo
575 3998 680 4058 motu
692 3983 812 4057 redire
826 3982 874 4057 ad
888 3994 1101 4058 consuetam

57 4093 329 4172 rectitudinem.
384 4096 543 4171 Credere
560 4109 683 4171 tamen
705 4120 780 4170 non
807 4119 957 4193 possum
984 4095 1101 4192 philo·

58 4216 216 4312 sophum
239 4214 350 4287 firisse
375 4214 489 4303 illum,
519 4215 581 4312 qui
611 4214 764 4304 balistae,
795 4224 861 4286 aut
888 4236 1007 4303 arcus,
1034 4225 1101 4286 aut

58 4330 311 4424 cujuscunque
336 4328 514 4401 machinae
538 4329 709 4417 clasticae,
729 4328 1020 4423 experimentum
1037 4349 1100 4398 ex-

58 4441 180 4516 hibuit
196 4442 346 4539 primus.
387 4441 597 4538 Philosophi
614 4453 669 4514 est
686 4441 814 4514 talium
833 4463 955 4511 rerum
971 4461 1101 4511 causas

58 4555 118 4630 vel
140 4579 257 4645 veras,
274 4554 334 4628 vel
360 4554 488 4628 saltem
520 4554 725 4650 probabiles
752 4552 926 4626 invenire.
978 4553 1101 4628 Quam
