<?xml version="1.0" encoding="UTF-8"?>
<!DOCTYPE html PUBLIC "-//W3C//DTD XHTML 1.0 Transitional//EN"
    "http://www.w3.org/TR/xhtml1/DTD/xhtml1-transitional.dtd">
<html xmlns="http://www.w3.org/1999/xhtml" xml:lang="en" lang="en">
 <head>
  <title>
</title>
<meta http-equiv="Content-Type" content="text/html;charset=utf-8" />
  <meta name='ocr-system' content='tesseract 3.04.00' />
  <meta name='ocr-capabilities' content='ocr_page ocr_carea ocr_par ocr_line ocrx_word'/>
</head>
<body>
  <div class='ocr_page' id='page_1' title='image "./thomhobbesmalme03hobbgoog_0528.png"; bbox 0 0 2618 5092; ppageno 0'>
   <div class='ocr_carea' id='block_1_1' title="bbox 334 622 1109 702">
    <p class='ocr_par' dir='ltr' id='par_1_1' title="bbox 334 622 1109 702">
     <span class='ocr_line' id='line_1_1' title="bbox 334 622 1109 702; baseline -0.005 -13"><span class='ocrx_word' id='word_1_1' title='bbox 334 635 516 690; x_wconf 73' lang='lat' dir='ltr'><strong>cunarlo</strong></span> <span class='ocrx_word' id='word_1_2' title='bbox 538 635 729 702; x_wconf 74' lang='lat' dir='ltr'><strong>sennan,</strong></span> <span class='ocrx_word' id='word_1_3' title='bbox 751 633 838 689; x_wconf 79' lang='lat' dir='ltr'><strong>arc.</strong></span> <span class='ocrx_word' id='word_1_4' title='bbox 1037 622 1109 686; x_wconf 82' lang='lat'><strong>513</strong></span> 
     </span>
    </p>
   </div>
   <div class='ocr_carea' id='block_1_2' title="bbox 61 801 1300 1352">
    <p class='ocr_par' dir='ltr' id='par_1_2' title="bbox 61 801 1300 991">
     <span class='ocr_line' id='line_1_2' title="bbox 61 801 1300 900; baseline -0.007 -23"><span class='ocrx_word' id='word_1_5' title='bbox 61 802 140 877; x_wconf 89' lang='lat' dir='ltr'><strong>sive</strong></span> <span class='ocrx_word' id='word_1_6' title='bbox 157 801 271 899; x_wconf 89' lang='lat' dir='ltr'><strong>dupla</strong></span> <span class='ocrx_word' id='word_1_7' title='bbox 287 802 348 893; x_wconf 84' lang='lat' dir='ltr'><strong>Ze,</strong></span> <span class='ocrx_word' id='word_1_8' title='bbox 362 804 411 877; x_wconf 92' lang='lat' dir='ltr'><strong>sit</strong></span> <span class='ocrx_word' id='word_1_9' title='bbox 427 803 577 900; x_wconf 87' lang='lat' dir='ltr'><strong>aequalis</strong></span> <span class='ocrx_word' id='word_1_10' title='bbox 594 805 697 879; x_wconf 89' lang='lat' dir='ltr'><strong>arcui</strong></span> <span class='ocrx_word' id='word_1_11' title='bbox 716 804 791 894; x_wconf 88' lang='lat' dir='ltr'><strong>BC,</strong></span> <span class='ocrx_word' id='word_1_12' title='bbox 804 816 849 878; x_wconf 91' lang='lat' dir='ltr'><strong>ut</strong></span> <span class='ocrx_word' id='word_1_13' title='bbox 866 803 904 876; x_wconf 91' lang='lat' dir='ltr'><strong>in</strong></span> <span class='ocrx_word' id='word_1_14' title='bbox 921 827 1027 900; x_wconf 92' lang='lat' dir='ltr'><strong>prop.</strong></span> <span class='ocrx_word' id='word_1_15' title='bbox 1042 805 1054 876; x_wconf 96' lang='lat' dir='ltr'><strong>i</strong></span> <span class='ocrx_word' id='word_1_16' title='bbox 1073 817 1111 877; x_wconf 88' lang='lat' dir='ltr'><strong>et</strong></span> <span class='ocrx_word' id='word_1_17' title='bbox 1125 832 1166 871; x_wconf 75' lang='lat' dir='ltr'><strong>nn</strong></span> <span class='ocrx_word' id='word_1_18' title='bbox 1176 831 1261 871; x_wconf 66' lang='lat' dir='ltr'><strong>mor.</strong></span> <span class='ocrx_word' id='word_1_19' title='bbox 1268 830 1300 870; x_wconf 89' lang='lat' dir='ltr'><strong>v1</strong></span> 
     </span>
     <span class='ocr_line' id='line_1_3' title="bbox 61 914 502 991; baseline 0 -3"><span class='ocrx_word' id='word_1_20' title='bbox 61 917 102 989; x_wconf 93' lang='lat' dir='ltr'><strong>iii</strong></span> <span class='ocrx_word' id='word_1_21' title='bbox 120 914 415 990; x_wconf 87' lang='lat' dir='ltr'><strong>demonstratum</strong></span> <span class='ocrx_word' id='word_1_22' title='bbox 433 932 502 991; x_wconf 89' lang='lat' dir='ltr'><strong>est.</strong></span> 
     </span>
    </p>

    <p class='ocr_par' dir='ltr' id='par_1_3' title="bbox 62 1029 1111 1352">
     <span class='ocr_line' id='line_1_4' title="bbox 111 1029 1110 1126; baseline 0 -25"><span class='ocrx_word' id='word_1_23' title='bbox 111 1029 374 1102; x_wconf 84' lang='lat' dir='ltr'>Examinemus</span> <span class='ocrx_word' id='word_1_24' title='bbox 402 1042 525 1103; x_wconf 89' lang='lat' dir='ltr'><strong>autem</strong></span> <span class='ocrx_word' id='word_1_25' title='bbox 548 1029 768 1126; x_wconf 88' lang='lat' dir='ltr'><strong>quadratum</strong></span> <span class='ocrx_word' id='word_1_26' title='bbox 790 1029 863 1102; x_wconf 93' lang='lat' dir='ltr'><strong>hoo</strong></span> <span class='ocrx_word' id='word_1_27' title='bbox 881 1030 1110 1102; x_wconf 90' lang='lat' dir='ltr'><strong>numericum</strong></span> 
     </span>
     <span class='ocr_line' id='line_1_5' title="bbox 62 1140 1111 1240; baseline 0.001 -26"><span class='ocrx_word' id='word_1_28' title='bbox 62 1141 297 1215; x_wconf 85' lang='lat' dir='ltr'><strong>Professoris.</strong></span> <span class='ocrx_word' id='word_1_29' title='bbox 350 1140 548 1228; x_wconf 76' lang='lat' dir='ltr'><strong>Quoniam,</strong></span> <span class='ocrx_word' id='word_1_30' title='bbox 566 1155 609 1215; x_wconf 91' lang='lat' dir='ltr'><strong>ut</strong></span> <span class='ocrx_word' id='word_1_31' title='bbox 636 1144 822 1238; x_wconf 86' lang='lat' dir='ltr'><strong>supponit,</strong></span> <span class='ocrx_word' id='word_1_32' title='bbox 842 1142 1061 1240; x_wconf 90' lang='lat' dir='ltr'><strong>quadratum</strong></span> <span class='ocrx_word' id='word_1_33' title='bbox 1088 1168 1111 1215; x_wconf 95' lang='lat' dir='ltr'><strong>a</strong></span> 
     </span>
     <span class='ocr_line' id='line_1_6' title="bbox 62 1252 1110 1352; baseline 0 -26"><span class='ocrx_word' id='word_1_34' title='bbox 62 1254 112 1326; x_wconf 85' lang='lat' dir='ltr'><strong>Ze</strong></span> <span class='ocrx_word' id='word_1_35' title='bbox 139 1264 196 1327; x_wconf 86' lang='lat' dir='ltr'><strong>est</strong></span> <span class='ocrx_word' id='word_1_36' title='bbox 217 1252 428 1351; x_wconf 47' lang='lat' dir='ltr'><strong>{quorum</strong></span> <span class='ocrx_word' id='word_1_37' title='bbox 454 1255 675 1352; x_wconf 90' lang='lat' dir='ltr'><strong>quadratum</strong></span> <span class='ocrx_word' id='word_1_38' title='bbox 700 1255 802 1328; x_wconf 89' lang='lat' dir='ltr'><strong>aGC</strong></span> <span class='ocrx_word' id='word_1_39' title='bbox 823 1269 880 1329; x_wconf 89' lang='lat' dir='ltr'><strong>est</strong></span> <span class='ocrx_word' id='word_1_40' title='bbox 890 1253 947 1347; x_wconf 55' lang='grc' dir='ltr'><strong>ξ,</strong></span> <span class='ocrx_word' id='word_1_41' title='bbox 964 1269 1002 1328; x_wconf 92' lang='lat' dir='ltr'><strong>et</strong></span> <span class='ocrx_word' id='word_1_42' title='bbox 1020 1280 1110 1351; x_wconf 87' lang='lat' dir='ltr'><strong>qua-</strong></span> 
     </span>
    </p>
   </div>
   <div class='ocr_carea' id='block_1_3' title="bbox 1151 899 1295 934">
    <p class='ocr_par' dir='ltr' id='par_1_4' title="bbox 1151 899 1295 934">
     <span class='ocr_line' id='line_1_7' title="bbox 1151 899 1295 934; baseline 0 0"><span class='ocrx_word' id='word_1_43' title='bbox 1151 899 1295 934; x_wconf 51' lang='lat' dir='ltr'><strong>s--r-ae</strong></span> 
     </span>
    </p>
   </div>
   <div class='ocr_carea' id='block_1_4' title="bbox 61 1363 1112 2934">
    <p class='ocr_par' dir='ltr' id='par_1_5' title="bbox 62 1363 1112 2253">
     <span class='ocr_line' id='line_1_8' title="bbox 63 1363 1111 1463; baseline 0.001 -24"><span class='ocrx_word' id='word_1_44' title='bbox 63 1365 212 1439; x_wconf 89' lang='lat' dir='ltr'><strong>dratum</strong></span> <span class='ocrx_word' id='word_1_45' title='bbox 223 1367 269 1438; x_wconf 92' lang='lat' dir='ltr'><strong>ab</strong></span> <span class='ocrx_word' id='word_1_46' title='bbox 280 1365 353 1441; x_wconf 95' lang='lat' dir='ltr'><strong>YQ</strong></span> <span class='ocrx_word' id='word_1_47' title='bbox 364 1363 420 1458; x_wconf 54' lang='grc' dir='ltr'><strong>ξ,</strong></span> <span class='ocrx_word' id='word_1_48' title='bbox 435 1367 657 1463; x_wconf 88' lang='lat' dir='ltr'><strong>quadratum</strong></span> <span class='ocrx_word' id='word_1_49' title='bbox 671 1381 795 1440; x_wconf 91' lang='lat' dir='ltr'><strong>autem</strong></span> <span class='ocrx_word' id='word_1_50' title='bbox 812 1369 859 1441; x_wconf 85' lang='lat' dir='ltr'><strong>ab</strong></span> <span class='ocrx_word' id='word_1_51' title='bbox 878 1369 934 1441; x_wconf 85' lang='lat' dir='ltr'><strong>Ae</strong></span> <span class='ocrx_word' id='word_1_52' title='bbox 944 1366 999 1459; x_wconf 51' lang='grc' dir='ltr'><strong>ἐξ,</strong></span> <span class='ocrx_word' id='word_1_53' title='bbox 1011 1367 1111 1463; x_wconf 89' lang='lat' dir='ltr'><strong>quod</strong></span> 
     </span>
     <span class='ocr_line' id='line_1_9' title="bbox 63 1477 1111 1576; baseline -0.001 -24"><span class='ocrx_word' id='word_1_54' title='bbox 63 1480 185 1552; x_wconf 91' lang='lat' dir='ltr'><strong>minus</strong></span> <span class='ocrx_word' id='word_1_55' title='bbox 203 1494 261 1551; x_wconf 86' lang='lat' dir='ltr'><strong>est</strong></span> <span class='ocrx_word' id='word_1_56' title='bbox 278 1503 388 1575; x_wconf 90' lang='lat' dir='ltr'><strong>quam</strong></span> <span class='ocrx_word' id='word_1_57' title='bbox 400 1477 455 1571; x_wconf 48' lang='lat' dir='ltr'><strong>{a</strong></span> <span class='ocrx_word' id='word_1_58' title='bbox 483 1480 553 1552; x_wconf 89' lang='lat' dir='ltr'><strong>erit</strong></span> <span class='ocrx_word' id='word_1_59' title='bbox 570 1481 638 1552; x_wconf 82' lang='lat' dir='ltr'><strong>AO</strong></span> <span class='ocrx_word' id='word_1_60' title='bbox 662 1482 780 1575; x_wconf 88' lang='lat' dir='ltr'><strong>major</strong></span> <span class='ocrx_word' id='word_1_61' title='bbox 797 1504 907 1576; x_wconf 86' lang='lat' dir='ltr'><strong>quam</strong></span> <span class='ocrx_word' id='word_1_62' title='bbox 927 1481 991 1553; x_wconf 83' lang='lat' dir='ltr'><strong>Ac.</strong></span> <span class='ocrx_word' id='word_1_63' title='bbox 1043 1481 1111 1552; x_wconf 86' lang='lat' dir='ltr'><strong>Est</strong></span> 
     </span>
     <span class='ocr_line' id='line_1_10' title="bbox 62 1592 1110 1690; baseline -0.001 -25"><span class='ocrx_word' id='word_1_64' title='bbox 62 1603 187 1665; x_wconf 89' lang='lat' dir='ltr'><strong>autem</strong></span> <span class='ocrx_word' id='word_1_65' title='bbox 211 1593 432 1690; x_wconf 89' lang='lat' dir='ltr'><strong>quadratum</strong></span> <span class='ocrx_word' id='word_1_66' title='bbox 455 1594 501 1666; x_wconf 88' lang='lat' dir='ltr'><strong>ab</strong></span> <span class='ocrx_word' id='word_1_67' title='bbox 529 1593 594 1666; x_wconf 83' lang='lat' dir='ltr'><strong>AG</strong></span> <span class='ocrx_word' id='word_1_68' title='bbox 622 1592 773 1689; x_wconf 91' lang='lat' dir='ltr'><strong>duplum</strong></span> <span class='ocrx_word' id='word_1_69' title='bbox 798 1594 969 1690; x_wconf 89' lang='lat' dir='ltr'><strong>quadrati</strong></span> <span class='ocrx_word' id='word_1_70' title='bbox 986 1619 1009 1666; x_wconf 92' lang='lat' dir='ltr'><strong>a</strong></span> <span class='ocrx_word' id='word_1_71' title='bbox 1026 1593 1110 1665; x_wconf 85' lang='lat' dir='ltr'><strong>GC:</strong></span> 
     </span>
     <span class='ocr_line' id='line_1_11' title="bbox 62 1703 1111 1802; baseline -0.001 -24"><span class='ocrx_word' id='word_1_72' title='bbox 62 1708 134 1779; x_wconf 91' lang='lat' dir='ltr'><strong>erit</strong></span> <span class='ocrx_word' id='word_1_73' title='bbox 152 1729 241 1802; x_wconf 88' lang='lat' dir='ltr'><strong>ergo</strong></span> <span class='ocrx_word' id='word_1_74' title='bbox 258 1704 312 1797; x_wconf 53' lang='grc' dir='ltr'><strong>ἐξ,</strong></span> <span class='ocrx_word' id='word_1_75' title='bbox 327 1718 366 1779; x_wconf 87' lang='lat' dir='ltr'><strong>et</strong></span> <span class='ocrx_word' id='word_1_76' title='bbox 379 1706 600 1802; x_wconf 88' lang='lat' dir='ltr'><strong>quadratum</strong></span> <span class='ocrx_word' id='word_1_77' title='bbox 618 1707 664 1779; x_wconf 91' lang='lat' dir='ltr'><strong>ab</strong></span> <span class='ocrx_word' id='word_1_78' title='bbox 681 1707 754 1780; x_wconf 91' lang='lat' dir='ltr'><strong>YQ</strong></span> <span class='ocrx_word' id='word_1_79' title='bbox 773 1703 878 1797; x_wconf 50' lang='lat' dir='ltr'><strong>{stt</strong></span> <span class='ocrx_word' id='word_1_80' title='bbox 891 1706 1111 1802; x_wconf 86' lang='lat' dir='ltr'><strong>quadratum</strong></span> 
     </span>
     <span class='ocr_line' id='line_1_12' title="bbox 62 1816 1111 1915; baseline -0.003 -22"><span class='ocrx_word' id='word_1_81' title='bbox 62 1821 108 1893; x_wconf 88' lang='lat' dir='ltr'><strong>ab</strong></span> <span class='ocrx_word' id='word_1_82' title='bbox 127 1820 195 1893; x_wconf 87' lang='lat' dir='ltr'><strong>AO</strong></span> <span class='ocrx_word' id='word_1_83' title='bbox 210 1816 264 1911; x_wconf 59' lang='lat' dir='ltr'><strong>{a</strong></span> <span class='ocrx_word' id='word_1_84' title='bbox 317 1817 411 1893; x_wconf 86' lang='lat' dir='ltr'><strong>Quae</strong></span> <span class='ocrx_word' id='word_1_85' title='bbox 439 1819 612 1907; x_wconf 86' lang='lat' dir='ltr'><strong>rationes,</strong></span> <span class='ocrx_word' id='word_1_86' title='bbox 640 1842 773 1915; x_wconf 88' lang='lat' dir='ltr'>nempe</span> <span class='ocrx_word' id='word_1_87' title='bbox 804 1828 825 1891; x_wconf 84' lang='grc'><strong>5</strong></span> <span class='ocrx_word' id='word_1_88' title='bbox 845 1819 894 1891; x_wconf 89' lang='lat' dir='ltr'><strong>ad</strong></span> <span class='ocrx_word' id='word_1_89' title='bbox 911 1827 946 1908; x_wconf 83' lang='lat'><strong>4,</strong></span> <span class='ocrx_word' id='word_1_90' title='bbox 978 1842 1111 1890; x_wconf 84' lang='lat' dir='ltr'><strong>conve-</strong></span> 
     </span>
     <span class='ocr_line' id='line_1_13' title="bbox 62 1930 1110 2019; baseline -0.003 -14"><span class='ocrx_word' id='word_1_91' title='bbox 62 1933 171 2005; x_wconf 89' lang='lat' dir='ltr'><strong>niunt</strong></span> <span class='ocrx_word' id='word_1_92' title='bbox 184 1956 270 2005; x_wconf 91' lang='lat' dir='ltr'><strong>oum</strong></span> <span class='ocrx_word' id='word_1_93' title='bbox 280 1932 486 2005; x_wconf 85' lang='lat' dir='ltr'><strong>rationibus</strong></span> <span class='ocrx_word' id='word_1_94' title='bbox 501 1945 686 2005; x_wconf 85' lang='lat' dir='ltr'><strong>rectarum</strong></span> <span class='ocrx_word' id='word_1_95' title='bbox 698 1933 776 2019; x_wconf 86' lang='lat' dir='ltr'><strong>AG,</strong></span> <span class='ocrx_word' id='word_1_96' title='bbox 787 1930 870 2012; x_wconf 88' lang='lat' dir='ltr'><strong>AQ,</strong></span> <span class='ocrx_word' id='word_1_97' title='bbox 878 1932 944 2004; x_wconf 85' lang='lat' dir='ltr'><strong>Ae.</strong></span> <span class='ocrx_word' id='word_1_98' title='bbox 973 1932 1110 2019; x_wconf 89' lang='lat' dir='ltr'><strong>Quare,</strong></span> 
     </span>
     <span class='ocr_line' id='line_1_14' title="bbox 63 2043 1112 2141; baseline 0 -25"><span class='ocrx_word' id='word_1_99' title='bbox 63 2055 195 2118; x_wconf 85' lang='lat' dir='ltr'><strong>contra</strong></span> <span class='ocrx_word' id='word_1_100' title='bbox 224 2043 263 2117; x_wconf 94' lang='lat' dir='ltr'><strong>id</strong></span> <span class='ocrx_word' id='word_1_101' title='bbox 290 2043 390 2141; x_wconf 92' lang='lat' dir='ltr'><strong>quod</strong></span> <span class='ocrx_word' id='word_1_102' title='bbox 420 2044 672 2119; x_wconf 86' lang='lat' dir='ltr'><strong>demonstrare</strong></span> <span class='ocrx_word' id='word_1_103' title='bbox 696 2044 824 2134; x_wconf 90' lang='lat' dir='ltr'><strong>voluit,</strong></span> <span class='ocrx_word' id='word_1_104' title='bbox 844 2046 924 2133; x_wconf 89' lang='grc' dir='ltr'><strong>ΑΟ,</strong></span> <span class='ocrx_word' id='word_1_105' title='bbox 942 2045 998 2118; x_wconf 82' lang='lat' dir='ltr'><strong>Ae</strong></span> <span class='ocrx_word' id='word_1_106' title='bbox 1024 2058 1112 2117; x_wconf 89' lang='lat' dir='ltr'><strong>sunt</strong></span> 
     </span>
     <span class='ocr_line' id='line_1_15' title="bbox 64 2157 236 2253; baseline -0.012 -20"><span class='ocrx_word' id='word_1_107' title='bbox 64 2157 236 2253; x_wconf 86' lang='lat' dir='ltr'><strong>aequales.</strong></span> 
     </span>
    </p>

    <p class='ocr_par' dir='ltr' id='par_1_6' title="bbox 61 2270 1112 2934">
     <span class='ocr_line' id='line_1_16' title="bbox 112 2270 1112 2368; baseline -0.001 -24"><span class='ocrx_word' id='word_1_108' title='bbox 112 2271 236 2344; x_wconf 89' lang='lat' dir='ltr'><strong>Etiam</strong></span> <span class='ocrx_word' id='word_1_109' title='bbox 253 2270 384 2344; x_wconf 88' lang='lat' dir='ltr'><strong>falsum</strong></span> <span class='ocrx_word' id='word_1_110' title='bbox 402 2282 458 2345; x_wconf 91' lang='lat' dir='ltr'><strong>est</strong></span> <span class='ocrx_word' id='word_1_111' title='bbox 476 2271 576 2368; x_wconf 95' lang='lat' dir='ltr'><strong>quod</strong></span> <span class='ocrx_word' id='word_1_112' title='bbox 593 2270 813 2368; x_wconf 90' lang='lat' dir='ltr'><strong>quadratum</strong></span> <span class='ocrx_word' id='word_1_113' title='bbox 831 2272 878 2346; x_wconf 92' lang='lat' dir='ltr'><strong>ab</strong></span> <span class='ocrx_word' id='word_1_114' title='bbox 895 2272 963 2344; x_wconf 84' lang='grc' dir='ltr'><strong>ΑΟ</strong></span> <span class='ocrx_word' id='word_1_115' title='bbox 981 2271 1039 2342; x_wconf 90' lang='lat' dir='ltr'><strong>vel</strong></span> <span class='ocrx_word' id='word_1_116' title='bbox 1056 2272 1112 2343; x_wconf 82' lang='lat' dir='ltr'><strong>Ac</strong></span> 
     </span>
     <span class='ocr_line' id='line_1_17' title="bbox 63 2382 1111 2482; baseline -0.001 -24"><span class='ocrx_word' id='word_1_117' title='bbox 63 2385 203 2482; x_wconf 82' lang='lat' dir='ltr'><strong>aequale</strong></span> <span class='ocrx_word' id='word_1_118' title='bbox 230 2382 330 2476; x_wconf 56' lang='lat' dir='ltr'><strong>sit}</strong></span> <span class='ocrx_word' id='word_1_119' title='bbox 350 2385 522 2481; x_wconf 90' lang='lat' dir='ltr'><strong>quadrati</strong></span> <span class='ocrx_word' id='word_1_120' title='bbox 540 2409 563 2458; x_wconf 90' lang='lat' dir='ltr'><strong>a</strong></span> <span class='ocrx_word' id='word_1_121' title='bbox 579 2385 695 2458; x_wconf 88' lang='lat' dir='ltr'><strong>radio.</strong></span> <span class='ocrx_word' id='word_1_122' title='bbox 749 2383 983 2459; x_wconf 75' lang='lat' dir='ltr'><strong>Quadratum</strong></span> <span class='ocrx_word' id='word_1_123' title='bbox 1012 2385 1111 2457; x_wconf 90' lang='lat' dir='ltr'><strong>enim</strong></span> 
     </span>
     <span class='ocr_line' id='line_1_18' title="bbox 62 2496 1112 2595; baseline -0.001 -24"><span class='ocrx_word' id='word_1_124' title='bbox 62 2497 206 2571; x_wconf 90' lang='lat' dir='ltr'><strong>aradio</strong></span> <span class='ocrx_word' id='word_1_125' title='bbox 225 2510 281 2570; x_wconf 89' lang='lat' dir='ltr'><strong>est</strong></span> <span class='ocrx_word' id='word_1_126' title='bbox 299 2507 361 2571; x_wconf 81' lang='lat'><strong>25.</strong></span> <span class='ocrx_word' id='word_1_127' title='bbox 414 2498 513 2595; x_wconf 85' lang='lat' dir='ltr'><strong>Ergo</strong></span> <span class='ocrx_word' id='word_1_128' title='bbox 545 2498 766 2594; x_wconf 89' lang='lat' dir='ltr'><strong>quadratum</strong></span> <span class='ocrx_word' id='word_1_129' title='bbox 789 2523 812 2570; x_wconf 86' lang='lat' dir='ltr'><strong>a</strong></span> <span class='ocrx_word' id='word_1_130' title='bbox 829 2496 1026 2570; x_wconf 88' lang='lat' dir='ltr'><strong>semiradio</strong></span> <span class='ocrx_word' id='word_1_131' title='bbox 1055 2511 1112 2570; x_wconf 87' lang='lat' dir='ltr'><strong>est</strong></span> 
     </span>
     <span class='ocr_line' id='line_1_19' title="bbox 61 2609 1112 2707; baseline 0.001 -24"><span class='ocrx_word' id='word_1_132' title='bbox 61 2614 120 2693; x_wconf 68' lang='grc' dir='ltr'><strong>δὲ.</strong></span> <span class='ocrx_word' id='word_1_133' title='bbox 174 2609 300 2685; x_wconf 90' lang='lat' dir='ltr'><strong>Quare</strong></span> <span class='ocrx_word' id='word_1_134' title='bbox 327 2610 549 2707; x_wconf 87' lang='lat' dir='ltr'><strong>quadratum</strong></span> <span class='ocrx_word' id='word_1_135' title='bbox 581 2613 626 2685; x_wconf 91' lang='lat' dir='ltr'><strong>ab</strong></span> <span class='ocrx_word' id='word_1_136' title='bbox 644 2612 712 2684; x_wconf 84' lang='grc' dir='ltr'><strong>ΑΟ</strong></span> <span class='ocrx_word' id='word_1_137' title='bbox 736 2624 794 2684; x_wconf 84' lang='lat' dir='ltr'><strong>est</strong></span> <span class='ocrx_word' id='word_1_138' title='bbox 811 2611 892 2692; x_wconf 55' lang='grc'><strong>310.</strong></span> <span class='ocrx_word' id='word_1_139' title='bbox 944 2611 1032 2683; x_wconf 85' lang='grc' dir='ltr'>Νοιι</span> <span class='ocrx_word' id='word_1_140' title='bbox 1055 2624 1112 2684; x_wconf 89' lang='lat' dir='ltr'><strong>est</strong></span> 
     </span>
     <span class='ocr_line' id='line_1_20' title="bbox 62 2721 1111 2820; baseline 0.002 -24"><span class='ocrx_word' id='word_1_141' title='bbox 62 2748 152 2820; x_wconf 87' lang='lat' dir='ltr'><strong>ergo</strong></span> <span class='ocrx_word' id='word_1_142' title='bbox 171 2725 391 2820; x_wconf 90' lang='lat' dir='ltr'><strong>quadratum</strong></span> <span class='ocrx_word' id='word_1_143' title='bbox 409 2725 454 2797; x_wconf 92' lang='lat' dir='ltr'><strong>ab</strong></span> <span class='ocrx_word' id='word_1_144' title='bbox 472 2725 540 2798; x_wconf 88' lang='grc' dir='ltr'><strong>ΑΟ</strong></span> <span class='ocrx_word' id='word_1_145' title='bbox 554 2721 612 2816; x_wconf 54' lang='lat'><strong>³24.</strong></span> <span class='ocrx_word' id='word_1_146' title='bbox 657 2723 858 2799; x_wconf 89' lang='lat' dir='ltr'><strong>Quadratis</strong></span> <span class='ocrx_word' id='word_1_147' title='bbox 871 2724 917 2796; x_wconf 90' lang='lat' dir='ltr'><strong>ab</strong></span> <span class='ocrx_word' id='word_1_148' title='bbox 932 2721 1013 2811; x_wconf 81' lang='lat' dir='ltr'><strong>AG,</strong></span> <span class='ocrx_word' id='word_1_149' title='bbox 1027 2724 1111 2808; x_wconf 89' lang='lat' dir='ltr'><strong>AQ‚</strong></span> 
     </span>
     <span class='ocr_line' id='line_1_21' title="bbox 61 2837 1111 2934; baseline 0 -23"><span class='ocrx_word' id='word_1_150' title='bbox 61 2841 129 2926; x_wconf 86' lang='lat' dir='ltr'><strong>Ac,</strong></span> <span class='ocrx_word' id='word_1_151' title='bbox 162 2837 228 2910; x_wconf 86' lang='lat' dir='ltr'><strong>AL</strong></span> <span class='ocrx_word' id='word_1_152' title='bbox 254 2837 480 2934; x_wconf 89' lang='lat' dir='ltr'><strong>respondent</strong></span> <span class='ocrx_word' id='word_1_153' title='bbox 510 2837 654 2910; x_wconf 89' lang='lat' dir='ltr'><strong>numeri</strong></span> <span class='ocrx_word' id='word_1_154' title='bbox 680 2837 731 2924; x_wconf 92' lang='lat' dir='ltr'><strong>hi,</strong></span> <span class='ocrx_word' id='word_1_155' title='bbox 760 2845 866 2925; x_wconf 86' lang='lat'><strong>1250,</strong></span> <span class='ocrx_word' id='word_1_156' title='bbox 898 2845 1005 2926; x_wconf 90' lang='lat'><strong>1000,</strong></span> <span class='ocrx_word' id='word_1_157' title='bbox 1025 2845 1111 2927; x_wconf 87' lang='grc'><strong>800,</strong></span> 
     </span>
    </p>
   </div>
   <div class='ocr_carea' id='block_1_5' title="bbox 58 2957 1112 4724">
    <p class='ocr_par' dir='ltr' id='par_1_7' title="bbox 61 2957 151 3024">
     <span class='ocr_line' id='line_1_22' title="bbox 61 2957 151 3024; baseline -0.011 -1"><span class='ocrx_word' id='word_1_158' title='bbox 61 2957 151 3024; x_wconf 87' lang='grc'><strong>650.</strong></span> 
     </span>
    </p>

    <p class='ocr_par' dir='ltr' id='par_1_8' title="bbox 58 3059 1112 3725">
     <span class='ocr_line' id='line_1_23' title="bbox 114 3059 1112 3157; baseline -0.003 -21"><span class='ocrx_word' id='word_1_159' title='bbox 114 3061 360 3151; x_wconf 75' lang='lat' dir='ltr'><strong>Quadratum,</strong></span> <span class='ocrx_word' id='word_1_160' title='bbox 385 3064 494 3157; x_wconf 84' lang='lat' dir='ltr'><strong>juxta</strong></span> <span class='ocrx_word' id='word_1_161' title='bbox 511 3060 726 3135; x_wconf 86' lang='lat' dir='ltr'><strong>methodum</strong></span> <span class='ocrx_word' id='word_1_162' title='bbox 744 3084 877 3149; x_wconf 88' lang='lat' dir='ltr'><strong>meam,</strong></span> <span class='ocrx_word' id='word_1_163' title='bbox 894 3083 917 3132; x_wconf 90' lang='lat' dir='ltr'><strong>a</strong></span> <span class='ocrx_word' id='word_1_164' title='bbox 933 3059 1036 3133; x_wconf 89' lang='lat' dir='ltr'><strong>radio</strong></span> <span class='ocrx_word' id='word_1_165' title='bbox 1055 3074 1112 3133; x_wconf 87' lang='lat' dir='ltr'><strong>est</strong></span> 
     </span>
     <span class='ocr_line' id='line_1_24' title="bbox 66 3174 1108 3270; baseline -0.002 -22"><span class='ocrx_word' id='word_1_166' title='bbox 66 3183 110 3248; x_wconf 89' lang='grc'><strong>16</strong></span> <span class='ocrx_word' id='word_1_167' title='bbox 123 3207 134 3260; x_wconf 77' lang='lat' dir='ltr'><strong>t</strong></span> <span class='ocrx_word' id='word_1_168' title='bbox 153 3174 375 3270; x_wconf 89' lang='lat' dir='ltr'><strong>quadratum</strong></span> <span class='ocrx_word' id='word_1_169' title='bbox 392 3175 438 3248; x_wconf 90' lang='lat' dir='ltr'><strong>ab</strong></span> <span class='ocrx_word' id='word_1_170' title='bbox 452 3175 533 3263; x_wconf 84' lang='grc' dir='ltr'><strong>ΑΟ,</strong></span> <span class='ocrx_word' id='word_1_171' title='bbox 545 3184 595 3250; x_wconf 86' lang='grc'><strong>20</strong></span> <span class='ocrx_word' id='word_1_172' title='bbox 610 3200 619 3259; x_wconf 92' lang='grc'><strong>;</strong></span> <span class='ocrx_word' id='word_1_173' title='bbox 639 3175 862 3270; x_wconf 88' lang='lat' dir='ltr'><strong>quadratum</strong></span> <span class='ocrx_word' id='word_1_174' title='bbox 879 3174 925 3247; x_wconf 89' lang='lat' dir='ltr'><strong>ab</strong></span> <span class='ocrx_word' id='word_1_175' title='bbox 940 3175 1024 3262; x_wconf 83' lang='lat' dir='ltr'><strong>AQ,</strong></span> <span class='ocrx_word' id='word_1_176' title='bbox 1036 3183 1108 3257; x_wconf 78' lang='lat'><strong>253</strong></span> 
     </span>
     <span class='ocr_line' id='line_1_25' title="bbox 60 3286 1110 3385; baseline -0.003 -23"><span class='ocrx_word' id='word_1_177' title='bbox 60 3299 99 3362; x_wconf 82' lang='lat' dir='ltr'><strong>et</strong></span> <span class='ocrx_word' id='word_1_178' title='bbox 117 3286 339 3384; x_wconf 88' lang='lat' dir='ltr'><strong>quadratum</strong></span> <span class='ocrx_word' id='word_1_179' title='bbox 356 3289 402 3361; x_wconf 85' lang='lat' dir='ltr'><strong>ab</strong></span> <span class='ocrx_word' id='word_1_180' title='bbox 421 3287 500 3375; x_wconf 83' lang='lat' dir='ltr'><strong>AG,</strong></span> <span class='ocrx_word' id='word_1_181' title='bbox 519 3297 602 3383; x_wconf 54' lang='lat'><strong>3¹}-</strong></span> <span class='ocrx_word' id='word_1_182' title='bbox 655 3287 823 3385; x_wconf 85' lang='lat' dir='ltr'><strong>Uterque</strong></span> <span class='ocrx_word' id='word_1_183' title='bbox 839 3311 929 3384; x_wconf 86' lang='lat' dir='ltr'><strong>ergo</strong></span> <span class='ocrx_word' id='word_1_184' title='bbox 947 3287 1110 3359; x_wconf 88' lang='lat' dir='ltr'><strong>calculus</strong></span> 
     </span>
     <span class='ocr_line' id='line_1_26' title="bbox 58 3400 1110 3496; baseline -0.006 -17"><span class='ocrx_word' id='word_1_185' title='bbox 58 3401 328 3490; x_wconf 82' lang='lat' dir='ltr'><strong>arithmeticus,</strong></span> <span class='ocrx_word' id='word_1_186' title='bbox 355 3401 428 3474; x_wconf 90' lang='lat' dir='ltr'><strong>mei</strong></span> <span class='ocrx_word' id='word_1_187' title='bbox 458 3410 496 3474; x_wconf 89' lang='lat' dir='ltr'><strong>et</strong></span> <span class='ocrx_word' id='word_1_188' title='bbox 519 3400 629 3491; x_wconf 84' lang='lat' dir='ltr'><strong>iltius,</strong></span> <span class='ocrx_word' id='word_1_189' title='bbox 659 3401 898 3475; x_wconf 85' lang='lat' dir='ltr'><strong>consentiunt</strong></span> <span class='ocrx_word' id='word_1_190' title='bbox 928 3414 1110 3496; x_wconf 90' lang='lat' dir='ltr'><strong>quatenus</strong></span> 
     </span>
     <span class='ocr_line' id='line_1_27' title="bbox 61 3513 1110 3612; baseline -0.001 -24"><span class='ocrx_word' id='word_1_191' title='bbox 61 3526 164 3588; x_wconf 86' lang='lat' dir='ltr'><strong>recte</strong></span> <span class='ocrx_word' id='word_1_192' title='bbox 195 3525 456 3612; x_wconf 82' lang='lat' dir='ltr'><strong>computatur:</strong></span> <span class='ocrx_word' id='word_1_193' title='bbox 488 3513 553 3588; x_wconf 89' lang='lat' dir='ltr'><strong>sed</strong></span> <span class='ocrx_word' id='word_1_194' title='bbox 587 3515 661 3604; x_wconf 91' lang='lat' dir='ltr'><strong>ille,</strong></span> <span class='ocrx_word' id='word_1_195' title='bbox 696 3525 738 3588; x_wconf 92' lang='lat' dir='ltr'><strong>ut</strong></span> <span class='ocrx_word' id='word_1_196' title='bbox 771 3513 1008 3587; x_wconf 86' lang='lat' dir='ltr'><strong>manifestum</strong></span> <span class='ocrx_word' id='word_1_197' title='bbox 1042 3528 1110 3601; x_wconf 91' lang='lat' dir='ltr'><strong>est,</strong></span> 
     </span>
     <span class='ocr_line' id='line_1_28' title="bbox 60 3627 416 3725; baseline -0.003 -23"><span class='ocrx_word' id='word_1_198' title='bbox 60 3627 158 3702; x_wconf 91' lang='lat' dir='ltr'><strong>male</strong></span> <span class='ocrx_word' id='word_1_199' title='bbox 176 3628 416 3725; x_wconf 85' lang='lat' dir='ltr'><strong>computavit.</strong></span> 
     </span>
    </p>

    <p class='ocr_par' dir='ltr' id='par_1_9' title="bbox 59 3739 1110 4630">
     <span class='ocr_line' id='line_1_29' title="bbox 113 3739 1110 3838; baseline -0.004 -23"><span class='ocrx_word' id='word_1_200' title='bbox 113 3739 348 3816; x_wconf 88' lang='lat' dir='ltr'><strong>Quadratum</strong></span> <span class='ocrx_word' id='word_1_201' title='bbox 369 3765 471 3838; x_wconf 86' lang='lat' dir='ltr'><strong>ergo,</strong></span> <span class='ocrx_word' id='word_1_202' title='bbox 489 3739 643 3835; x_wconf 88' lang='lat' dir='ltr'><strong>inquiet,</strong></span> <span class='ocrx_word' id='word_1_203' title='bbox 661 3739 707 3812; x_wconf 91' lang='lat' dir='ltr'><strong>ab</strong></span> <span class='ocrx_word' id='word_1_204' title='bbox 726 3739 794 3814; x_wconf 84' lang='lat' dir='ltr'><strong>AG</strong></span> <span class='ocrx_word' id='word_1_205' title='bbox 810 3763 934 3813; x_wconf 91' lang='lat' dir='ltr'><strong>nonne</strong></span> <span class='ocrx_word' id='word_1_206' title='bbox 958 3739 1110 3836; x_wconf 93' lang='lat' dir='ltr'><strong>duplum</strong></span> 
     </span>
     <span class='ocr_line' id='line_1_30' title="bbox 60 3852 1110 3951; baseline -0.004 -22"><span class='ocrx_word' id='word_1_207' title='bbox 60 3855 133 3929; x_wconf 89' lang='lat' dir='ltr'><strong>erit</strong></span> <span class='ocrx_word' id='word_1_208' title='bbox 160 3854 332 3951; x_wconf 89' lang='lat' dir='ltr'><strong>quadrati</strong></span> <span class='ocrx_word' id='word_1_209' title='bbox 355 3879 379 3929; x_wconf 89' lang='lat' dir='ltr'><strong>a</strong></span> <span class='ocrx_word' id='word_1_210' title='bbox 401 3852 533 3928; x_wconf 82' lang='lat' dir='ltr'><strong>radio?</strong></span> <span class='ocrx_word' id='word_1_211' title='bbox 584 3853 643 3926; x_wconf 90' lang='lat' dir='ltr'><strong>lta</strong></span> <span class='ocrx_word' id='word_1_212' title='bbox 667 3853 828 3951; x_wconf 89' lang='lat' dir='ltr'><strong>quidem,</strong></span> <span class='ocrx_word' id='word_1_213' title='bbox 847 3853 1000 3951; x_wconf 87' lang='lat' dir='ltr'><strong>duplum</strong></span> <span class='ocrx_word' id='word_1_214' title='bbox 1027 3855 1110 3925; x_wconf 88' lang='lat' dir='ltr'><strong>erit.</strong></span> 
     </span>
     <span class='ocr_line' id='line_1_31' title="bbox 61 3967 1109 4063; baseline -0.004 -22"><span class='ocrx_word' id='word_1_215' title='bbox 61 3967 136 4042; x_wconf 84' lang='lat' dir='ltr'><strong>Sed</strong></span> <span class='ocrx_word' id='word_1_216' title='bbox 154 3968 296 4041; x_wconf 85' lang='lat' dir='ltr'><strong>calculo</strong></span> <span class='ocrx_word' id='word_1_217' title='bbox 321 3968 557 4042; x_wconf 85' lang='lat' dir='ltr'><strong>arithmetico</strong></span> <span class='ocrx_word' id='word_1_218' title='bbox 576 3990 767 4063; x_wconf 87' lang='lat' dir='ltr'><strong>nunquam</strong></span> <span class='ocrx_word' id='word_1_219' title='bbox 785 3968 1109 4053; x_wconf 85' lang='lat' dir='ltr'><strong>demonstrabitur,</strong></span> 
     </span>
     <span class='ocr_line' id='line_1_32' title="bbox 60 4079 1109 4178; baseline -0.006 -24"><span class='ocrx_word' id='word_1_220' title='bbox 60 4092 213 4178; x_wconf 87' lang='lat' dir='ltr'><strong>propter</strong></span> <span class='ocrx_word' id='word_1_221' title='bbox 231 4079 477 4154; x_wconf 87' lang='lat' dir='ltr'><strong>differentiam</strong></span> <span class='ocrx_word' id='word_1_222' title='bbox 494 4079 591 4153; x_wconf 88' lang='lat' dir='ltr'><strong>inter</strong></span> <span class='ocrx_word' id='word_1_223' title='bbox 614 4079 829 4154; x_wconf 88' lang='lat' dir='ltr'><strong>continuam</strong></span> <span class='ocrx_word' id='word_1_224' title='bbox 852 4080 1109 4177; x_wconf 85' lang='lat' dir='ltr'><strong>quantitatem,</strong></span> 
     </span>
     <span class='ocr_line' id='line_1_33' title="bbox 60 4190 1110 4289; baseline -0.005 -22"><span class='ocrx_word' id='word_1_225' title='bbox 60 4206 97 4268; x_wconf 91' lang='lat' dir='ltr'><strong>et</strong></span> <span class='ocrx_word' id='word_1_226' title='bbox 116 4194 325 4267; x_wconf 88' lang='lat' dir='ltr'><strong>discretam.</strong></span> <span class='ocrx_word' id='word_1_227' title='bbox 379 4193 569 4289; x_wconf 76' lang='lat' dir='ltr'><strong>adquam</strong></span> <span class='ocrx_word' id='word_1_228' title='bbox 592 4216 671 4265; x_wconf 91' lang='lat' dir='ltr'><strong>rem</strong></span> <span class='ocrx_word' id='word_1_229' title='bbox 697 4193 805 4289; x_wconf 86' lang='lat' dir='ltr'><strong>plura</strong></span> <span class='ocrx_word' id='word_1_230' title='bbox 827 4216 873 4265; x_wconf 87' lang='lat' dir='ltr'><strong>ex</strong></span> <span class='ocrx_word' id='word_1_231' title='bbox 901 4190 1110 4264; x_wconf 86' lang='lat' dir='ltr'><strong>differentia</strong></span> 
     </span>
     <span class='ocr_line' id='line_1_34' title="bbox 59 4304 1110 4404; baseline -0.005 -23"><span class='ocrx_word' id='word_1_232' title='bbox 59 4307 123 4382; x_wconf 89' lang='lat' dir='ltr'><strong>illa</strong></span> <span class='ocrx_word' id='word_1_233' title='bbox 139 4319 359 4404; x_wconf 83' lang='lat' dir='ltr'><strong>argumenta</strong></span> <span class='ocrx_word' id='word_1_234' title='bbox 381 4318 480 4380; x_wconf 86' lang='lat' dir='ltr'><strong>sunt.</strong></span> <span class='ocrx_word' id='word_1_235' title='bbox 533 4305 668 4390; x_wconf 87' lang='lat' dir='ltr'><strong>Primo,</strong></span> <span class='ocrx_word' id='word_1_236' title='bbox 687 4305 785 4401; x_wconf 94' lang='lat' dir='ltr'><strong>quod</strong></span> <span class='ocrx_word' id='word_1_237' title='bbox 812 4305 909 4378; x_wconf 91' lang='lat' dir='ltr'><strong>inter</strong></span> <span class='ocrx_word' id='word_1_238' title='bbox 927 4304 1020 4378; x_wconf 91' lang='lat' dir='ltr'><strong>duos</strong></span> <span class='ocrx_word' id='word_1_239' title='bbox 1040 4329 1110 4375; x_wconf 88' lang='lat' dir='ltr'><strong>nu-</strong></span> 
     </span>
     <span class='ocr_line' id='line_1_35' title="bbox 59 4417 1110 4516; baseline -0.008 -21"><span class='ocrx_word' id='word_1_240' title='bbox 59 4444 181 4495; x_wconf 85' lang='lat' dir='ltr'><strong>meros</strong></span> <span class='ocrx_word' id='word_1_241' title='bbox 194 4443 279 4492; x_wconf 89' lang='lat' dir='ltr'><strong>raro</strong></span> <span class='ocrx_word' id='word_1_242' title='bbox 294 4418 481 4516; x_wconf 88' lang='lat' dir='ltr'><strong>interponi</strong></span> <span class='ocrx_word' id='word_1_243' title='bbox 499 4418 641 4491; x_wconf 91' lang='lat' dir='ltr'><strong>medius</strong></span> <span class='ocrx_word' id='word_1_244' title='bbox 657 4429 791 4514; x_wconf 85' lang='lat' dir='ltr'><strong>potest.</strong></span> <span class='ocrx_word' id='word_1_245' title='bbox 827 4417 1010 4507; x_wconf 84' lang='lat' dir='ltr'><strong>Secund0,</strong></span> <span class='ocrx_word' id='word_1_246' title='bbox 1023 4418 1110 4511; x_wconf 87' lang='lat' dir='ltr'><strong>quia</strong></span> 
     </span>
     <span class='ocr_line' id='line_1_36' title="bbox 61 4530 1109 4630; baseline -0.006 -20"><span class='ocrx_word' id='word_1_247' title='bbox 61 4534 224 4610; x_wconf 82' lang='lat' dir='ltr'><strong>calculus</strong></span> <span class='ocrx_word' id='word_1_248' title='bbox 258 4534 512 4608; x_wconf 86' lang='lat' dir='ltr'><strong>arithmeticus</strong></span> <span class='ocrx_word' id='word_1_249' title='bbox 546 4543 693 4629; x_wconf 86' lang='lat' dir='ltr'><strong>separat</strong></span> <span class='ocrx_word' id='word_1_250' title='bbox 722 4530 904 4630; x_wconf 88' lang='lat' dir='ltr'><strong>quadrata</strong></span> <span class='ocrx_word' id='word_1_251' title='bbox 934 4555 1001 4627; x_wconf 86' lang='lat' dir='ltr'><strong>per</strong></span> <span class='ocrx_word' id='word_1_252' title='bbox 1034 4544 1109 4604; x_wconf 87' lang='lat' dir='ltr'><strong>tres</strong></span> 
     </span>
    </p>

    <p class='ocr_par' dir='ltr' id='par_1_10' title="bbox 163 4667 1010 4724">
     <span class='ocr_line' id='line_1_37' title="bbox 163 4667 1010 4724; baseline -0.007 -1"><span class='ocrx_word' id='word_1_253' title='bbox 163 4670 258 4724; x_wconf 79' lang='lat' dir='ltr'><strong>von.</strong></span> <span class='ocrx_word' id='word_1_254' title='bbox 278 4670 336 4723; x_wconf 84' lang='lat' dir='ltr'><strong>lv.</strong></span> <span class='ocrx_word' id='word_1_255' title='bbox 943 4667 1010 4718; x_wconf 81' lang='lat' dir='ltr'><strong>nn</strong></span> 
     </span>
    </p>
   </div>
   <div class='ocr_carea' id='block_1_6' title="bbox 0 0 1314 5092">
    <p class='ocr_par' dir='ltr' id='par_1_11' title="bbox 0 0 1314 5092">
     <span class='ocr_line' id='line_1_38' title="bbox 0 0 1314 5092; baseline 0 0"><span class='ocrx_word' id='word_1_256' title='bbox 0 0 1314 5092; x_wconf 95' lang='lat' dir='ltr'><strong> </strong></span> 
     </span>
    </p>
   </div>
  </div>
 </body>
</html>
