2618 5092
338 626 619 680 Paoananara
638 625 830 680 anrsrca.
1033 615 1106 680 323

105 795 157 871 Α.
185 794 298 871 Unde
315 806 439 870 autem
455 796 499 868 fit
520 806 563 867 nt
588 791 762 867 animalia
785 806 862 868 tam
885 795 971 886 cito,
997 796 1105 870 nimi·
1152 823 1277 867 cram.

53 932 149 999 rum,
166 910 208 983 in
225 910 345 1007 spatio
367 919 525 1007 quatuor
549 907 777 981 minutorum
799 907 913 998 horae,
942 908 981 982 in
1012 910 1105 984 reci·
1147 891 1290 996 m

52 1023 496 1120 pienteinterficiantur?
1224 1031 1227 1035 ’

104 1134 156 1209 B.
183 1135 321 1210 Nonne
339 1135 512 1210 animalia
535 1134 587 1207 sic
604 1133 746 1207 inclusa
771 1134 948 1231 insugunt
966 1136 1005 1209 in
1022 1137 1104 1233 pul-

53 1271 185 1322 mones
202 1273 325 1324 aerem
339 1248 658 1323 vehementissime
675 1247 843 1321 motum?
895 1248 981 1323 Quo
999 1265 1103 1325 motu

53 1385 206 1436 necesse
239 1374 296 1437 est
326 1373 368 1435 ut
407 1361 584 1435 transitus
625 1362 826 1457 sanguinis,
864 1363 910 1435 ab
950 1386 1024 1435 uno
1055 1363 1103 1436 ad

53 1474 213 1549 alterum
231 1476 353 1550 cordis
369 1475 615 1548 ventriculum
632 1474 871 1571 interceptus,
890 1498 968 1550 non
985 1477 1102 1551 multo

54 1603 138 1684 post
155 1589 322 1663 sistatur.
374 1587 541 1662 Cessatio
559 1599 685 1684 autern
706 1589 894 1685 sanguinis
917 1613 1016 1663 mors
1034 1603 1101 1665 est.

55 1701 215 1776 Possunt
243 1715 369 1777 tamen
395 1701 579 1791 animalia,
603 1713 769 1774 cessante
794 1703 984 1798 sanguine,
1007 1705 1102 1777 revi-

53 1814 207 1905 viscere,
224 1816 257 1890 si
274 1839 338 1889 aer
355 1827 529 1889 externus
550 1814 639 1888 satis
656 1827 801 1888 mature
817 1816 1101 1907 intromittatur,

54 1928 112 2002 rel
128 1928 211 2026 ipsa
227 1930 267 2003 in
285 1952 406 2003 aerem
424 1940 683 2025 temperatum,
700 1939 900 2023 autequam
916 1928 1101 2002 refrixerit

55 2042 217 2139 sanguis,
235 2042 489 2115 extrahantur.
540 2042 644 2115 Idem
662 2063 727 2114 aer
743 2040 781 2113 in
799 2040 1001 2139 recipiente
1020 2066 1100 2115 car-

54 2152 169 2228 bones
186 2152 358 2227 ardentes
376 2153 584 2251 extinguit:
611 2151 735 2227 sedet
756 2153 821 2244 illi,
844 2154 876 2227 si
902 2153 991 2227 dum
1012 2156 1100 2229 satis

54 2267 164 2342 oalidi
194 2277 283 2340 sunt
312 2267 533 2351 eximantur,
563 2266 790 2339 relucebunt.
856 2265 1100 2341 Notissimum

53 2391 120 2472 est,
147 2379 249 2476 quod
279 2379 319 2453 in
348 2379 484 2454 fodinis
512 2380 714 2453 carbonum
740 2390 945 2453 terreorum
979 2383 1100 2476 (cujus

53 2495 106 2568 rei
129 2493 427 2591 experimentum
450 2493 530 2590 ipse
549 2491 641 2588 vidi)
670 2492 870 2590 saepissime
887 2517 907 2566 e
923 2493 1099 2568 lateribus

52 2607 168 2682 foveae
186 2616 319 2680 ventus
335 2605 486 2704 quidam
503 2605 746 2703 undequaque
763 2606 841 2679 exit
856 2607 920 2705 qui
939 2607 1099 2681 fossores

53 2720 231 2794 interficit
259 2719 454 2816 ignemque
484 2719 680 2814 extinguit,
704 2718 801 2793 sicut
830 2719 977 2793 illorum
1005 2720 1099 2794 reci-

53 2835 179 2930 piens:
199 2832 264 2930 qui
279 2847 405 2907 tamen
415 2831 653 2922 reviviscunt,
665 2832 697 2905 si
713 2833 802 2906 satis
819 2833 894 2906 cito
912 2833 960 2907 ad
976 2859 1099 2908 aerem

54 2946 212 3022 liberum
230 2947 484 3020 extrahantur.

100 3060 154 3136 A.
181 3058 223 3133 Si
238 3059 401 3157 phialam
428 3082 534 3156 aquae
556 3057 595 3131 in
618 3057 799 3155 recipiens
824 3057 1016 3149 dimiseris
1035 3082 1099 3132 ex-

53 3185 139 3249 ucto
155 3196 244 3247 aare
260 3173 393 3247 bullire
404 3173 546 3247 videbis
563 3196 709 3269 aquam.
761 3170 863 3246 Quid
880 3170 928 3244 ad
950 3170 1022 3245 hoc
1039 3195 1098 3244 re-

52 3286 277 3385 spondebisl

100 3400 151 3475 B.
182 3399 304 3474 Credo
333 3399 500 3496 profecto
527 3399 565 3472 in
601 3409 706 3471 tanta
741 3397 837 3471 aeris
863 3397 1098 3472 mutitatione

52 3513 270 3588 saltaturam
299 3535 378 3585 esse
405 3536 562 3609 aquam:
590 3511 656 3585 sed
682 3521 725 3583 ut
752 3511 908 3599 calefiat,
931 3511 1097 3585 nondum

51 3626 185 3701 audivi.
241 3625 315 3699 Sed
332 3624 567 3721 imaginabile
584 3648 659 3697 non
677 3636 733 3697 est
749 3623 983 3698 saltationem
997 3625 1098 3699 illam

52 3762 214 3813 evacuo
236 3739 339 3812 nasci
365 3761 482 3835 posse.
535 3739 651 3834 Spero
677 3739 757 3831 jam
779 3748 922 3810 certum
942 3750 980 3811 te
1008 3763 1098 3829 esse,

51 3853 193 3927 nullum
211 3875 291 3925 esse
315 3852 497 3925 machinae
520 3850 618 3924 illius
640 3851 920 3946 phaenomenon,
939 3876 1012 3949 quo
1037 3854 1099 3926 de·

51 3966 252 4041 monstrari
268 3976 392 4062 potest
404 3965 520 4039 ullum
537 3965 577 4037 in
589 3965 760 4038 universo
777 3964 899 4037 locum
917 3964 997 4038 dari
1015 3989 1096 4039 cor-

51 4103 140 4176 pore
157 4078 261 4153 omui
280 4102 448 4152 vacuum.

100 4192 151 4267 Α.
178 4191 363 4265 Mundum
381 4191 452 4265 scis
467 4190 613 4263 finitum
633 4213 725 4278 esse,
739 4202 778 4262 et
789 4212 856 4286 per
869 4212 1096 4284 consequens

53 4326 208 4380 vacuum
240 4328 320 4379 esse
348 4316 520 4401 oportere
544 4315 665 4377 totum
688 4302 776 4376 illud
808 4302 966 4398 spatium
996 4302 1096 4397 quod

55 4429 107 4492 est
130 4432 238 4493 extra
260 4417 453 4507 mundum,
471 4418 668 4491 infinitum.
721 4415 822 4491 Quid
846 4415 1000 4512 impedit
1022 4440 1094 4511 quo

56 4531 172 4605 minus
189 4556 349 4607 vacuum
378 4530 472 4604 illud
501 4555 585 4604 cum
611 4554 696 4605 aere
724 4518 910 4603 mundano
942 4530 1095 4625 permis·

58 4644 203 4719 ceatur?
921 4665 978 4718 xa
