2640 5092
286 660 601 715 muraenularum
622 660 867 716 nocturum.
1049 649 1093 715 41

50 852 125 928 que
141 850 224 903 eme
239 851 378 920 veram,
402 852 526 904 nonne
544 829 653 904 simul
669 827 898 903 demonstrat
913 838 993 902 tum
1010 851 1099 903 con·
1139 856 1286 899 nitrosus

50 943 206 1018 undam
222 953 304 1016 tum
320 943 647 1018 contradictoriam
663 945 743 1039 ejus
760 966 840 1018 esse
857 942 1016 1017 salsam?
1139 939 1283 1044 ,ξύ

101 1053 152 1131 Β.
177 1055 330 1152 Absque
347 1054 473 1130 dubio.

103 1165 152 1242 A.
179 1168 221 1243 si
237 1167 351 1265 igitur
367 1169 573 1266 propositio
596 1167 676 1265 ipsa
692 1166 948 1242 demonstrata
970 1168 1019 1242 sit
1036 1191 1103 1265 per

52 1281 411 1356 demonstrationem
427 1300 476 1356 roa
490 1294 567 1367 διάη,
586 1280 698 1355 etiam
708 1280 999 1356 contradictoria
1010 1284 1102 1378 ejus,

52 1418 99 1470 eo
114 1393 199 1492 ipso
215 1393 316 1491 quod
331 1393 579 1469 contradictio
604 1393 804 1490 detegitur,
828 1393 1104 1469 demonstratur

51 1530 123 1608 per
137 1507 491 1583 demonstrationem
507 1525 559 1580 rot
572 1519 649 1581 tter.

103 1619 156 1696 Β.
179 1619 241 1694 lta
256 1642 401 1695 censeo.

105 1735 158 1810 Δ.
185 1731 361 1808 Secundo
389 1732 667 1808 demonstrandi
698 1734 804 1808 ratio
832 1740 891 1807 ert
919 1733 1105 1807 osteum

54 1868 105 1921 na
117 1862 180 1933 8ης
205 1855 248 1920 art
258 1846 414 1921 circata
427 1847 498 1921 AC
510 1847 832 1923 demonstraretur
844 1845 1001 1944 aequalia
1021 1871 1105 1920 erac

54 1973 170 2040 recta
196 1963 278 2054 Bc,
305 1964 480 2063 quonium
506 1974 666 2062 utraque
701 1962 1105 2060 demonstratafuerat

55 2074 211 2175 aqualis
227 2076 305 2175 ἱροί
321 2077 417 2162 Am
443 2102 524 2173 quae
540 2086 663 2150 autem
685 2086 771 2149 ruat
794 2075 914 2150 eidem
930 2076 1103 2173 camolia,

55 2189 532 2287 mtetoeqaaliainterse.
585 2189 731 2286 Estque
742 2190 823 2263 lraec
833 2189 1104 2263 demonstratio

57 2301 397 2400 qaidemmremiva
406 2318 455 2374 τοῦ
470 2315 522 2382 tn,
532 2312 729 2376 nouantem
739 2300 992 2375 melma—Dic
1000 2301 1104 2390 mihi,

57 2415 183 2490 silc
208 2413 527 2490 demonstraretur
556 2416 706 2512 aequalis
735 2438 815 2489 esse
837 2415 916 2504 BC,
944 2436 992 2489 an
1020 2413 1105 2487 ideo

58 2538 156 2602 emet
174 2525 470 2601 demonstratio?

109 2639 157 2714 Β.
184 2639 329 2714 Videris
346 2639 436 2714 mihi
450 2662 617 2737 quaerere
633 2664 682 2713 an
695 2639 962 2714 demonstratio
978 2639 1026 2712 sit
1043 2636 1106 2711 de·-

58 2753 293 2828 monstratio.

109 2867 162 2941 A.
189 2866 229 2940 Si
247 2864 515 2940 demonstratio
532 2877 601 2955 est,
619 2866 823 2940 scientifica
839 2877 908 2939 est.

109 2980 161 3054 Β.
189 2978 317 3052 Recte.

110 3092 162 3167 A.
191 3093 251 3164 dn
269 3091 352 3181 AC,
371 3090 441 3164 BC
458 3091 543 3165 sciri
566 3102 721 3188 possunt
738 3091 898 3187 aequales
915 3113 994 3164 esse
1011 3091 1108 3163 inter

60 3229 110 3293 se,
128 3204 202 3277 nisi
217 3203 377 3276 sciamus
388 3201 491 3299 prins
507 3217 703 3298 utramque
720 3202 900 3298 aeqnalem
915 3226 994 3276 esse
1009 3202 1106 3274 AB?

112 3316 163 3390 B.
191 3316 358 3405 Minime,
375 3338 496 3413 neque
512 3315 551 3389 id
568 3315 659 3389 dicit
675 3316 875 3390 Wsllisius.

111 3430 164 3505 A.
192 3430 232 3503 Si
255 3429 341 3503 sciri
365 3453 441 3503 non
465 3443 590 3527 potest
606 3429 677 3503 AC
695 3439 732 3503 et
749 3429 818 3503 BC
840 3453 920 3503 esse
943 3429 1043 3501 inter
1069 3452 1109 3501 se

62 3543 236 3640 aquales,
253 3556 453 3639 antequam
466 3543 623 3616 sciamus
635 3554 832 3640 utramque
845 3566 971 3616 earum
988 3566 1111 3638 aeqna·

62 3658 136 3732 lem
152 3679 234 3730 esse
250 3655 346 3740 ΑΒ;
373 3678 493 3752 neque
509 3667 634 3752 potest
650 3655 896 3729 demonstrari
918 3654 1009 3730 illud
1032 3655 1109 3728 sine

61 3768 381 3844 demonstratione
398 3768 519 3866 hujus.

114 3882 166 3956 B.
192 3882 331 3955 Verum
348 3891 417 3956 est.

114 3995 166 4069 Α.
191 3995 361 4092 Estergo
373 3993 641 4068 demonstratio
654 3992 776 4090 hujus,
787 4016 873 4091 pars
886 3993 1111 4067 demonstra·

63 4114 177 4187 tionis
193 4111 302 4186 illius.

116 4227 168 4301 B.
194 4224 313 4300 Video
326 4249 399 4322 quo
412 4224 547 4314 tendis,
560 4224 747 4313 nimirum,
761 4223 810 4297 ad
823 4223 860 4298 id
873 4224 974 4322 quod
986 4224 1113 4299 dixisti

64 4340 176 4438 paulo
199 4350 286 4414 ante
310 4339 350 4412 in
372 4337 696 4412 demonstrationis
720 4337 944 4427 definitione,
968 4360 1112 4434 nempe,

66 4458 146 4528 ade
174 4476 257 4527 eam
280 4451 575 4548 syllogismorum
600 4452 744 4542 seriem,
771 4453 876 4548 cujus
892 4450 1113 4547 principium

65 4580 123 4641 est
138 4567 179 4642 in
198 4565 428 4655 definitione,
455 4577 495 4638 et
521 4565 605 4639 linis
633 4567 672 4638 in
700 4563 934 4639 conclusione
960 4563 1112 4647 ultima;
