2618 5092
404 665 740 720 anonomaston.
1024 650 1096 716 395

48 852 117 928 est,
137 838 361 933 (interprete
375 834 531 929 Clario),
544 835 583 907 in
598 857 671 930 qua
686 833 828 907 nullum
845 845 1024 930 punctum
1042 832 1099 905 in·
1145 856 1213 896 car·
1229 854 1270 894 tv.

49 951 272 1027 termcdium
299 951 346 1022 ab
372 949 545 1023 extremis
565 971 708 1021 sursum
730 960 795 1022 aut
824 946 1007 1031 deorsum,
1025 946 1099 1019 huc
1122 922 1292 1028 „M

49 1067 107 1141 vel
137 1065 227 1139 illuc
259 1062 503 1152 deflectendo,
531 1061 736 1136 subsultet:
773 1062 911 1157 inqua
941 1058 1100 1154 denique

50 1180 141 1254 nihil
167 1179 375 1252 flexuosum
399 1176 593 1272 reperitur.
646 1175 733 1248 Non
758 1197 920 1271 agnosco
937 1172 999 1245 hic
1018 1196 1100 1245 ora-

50 1295 191 1368 tionem
208 1290 567 1364 mathematicorum.
612 1288 809 1363 Quomodo
825 1297 1004 1384 punctum
1016 1286 1101 1359 snb-

51 1405 165 1480 sultet
189 1428 336 1478 sursum
353 1416 391 1478 et
414 1402 597 1491 deorsum,
617 1402 690 1475 huc
709 1414 747 1475 et
769 1401 869 1491 illuc,
893 1424 969 1473 non
995 1399 1103 1472 intel-

51 1519 150 1616 ligo:
182 1542 259 1592 non
288 1529 413 1591 tamen
444 1515 556 1590 credo
578 1539 799 1612 quemqnam
827 1538 907 1588 esse
932 1514 995 1610 qui
1022 1537 1101 1585 rem

50 1632 183 1730 ipsam,
195 1617 339 1706 'lineam
355 1632 506 1727 inquam
523 1643 677 1715 rectam,
695 1629 818 1701 animo
836 1651 902 1701 suo
920 1650 997 1699 non
1014 1626 1102 1699 satis

52 1758 155 1820 recte
172 1743 371 1840 concipiat,
389 1743 473 1817 idea
489 1755 579 1816 nata
595 1742 642 1815 ab
659 1741 783 1837 aliqua
799 1741 897 1814 linea
913 1751 1016 1812 recta
1027 1764 1104 1812 ma·

53 1858 187 1946 teriali,
204 1880 417 1954 quanquam
441 1855 543 1929 ideas
570 1878 654 1928 snas
678 1878 754 1927 non
782 1876 909 1927 omnes
936 1853 1103 1926 homines

54 1981 211 2068 possunt
226 1969 396 2043 oratione
413 1992 517 2064 aeque
535 1967 735 2041 declarare.
788 1965 862 2040 Sed
878 1989 999 2062 neque
1017 1990 1103 2038 con·

55 2096 125 2174 tra,
147 2083 201 2156 illi
225 2082 290 2178 qui
317 2082 481 2178 cogitata
507 2105 574 2154 sna
601 2080 741 2177 optime
769 2078 994 2169 describunt,
1019 2091 1105 2152 sunt

56 2219 201 2292 semper
218 2195 350 2292 optimi
367 2193 629 2268 mathematici.
682 2192 845 2265 Definire
873 2193 972 2265 enim
997 2216 1104 2265 voca·

56 2311 143 2384 bola
159 2309 252 2384 artis
270 2311 522 2406 cujuscunque
546 2319 697 2382 nonest
723 2307 836 2405 ipsius
858 2306 961 2396 artis,
984 2331 1105 2402 neque

56 2422 155 2497 forte
173 2423 325 2498 omnino
342 2423 431 2496 artis
449 2447 567 2520 opus:
594 2421 660 2495 sed
685 2423 823 2519 partim
843 2422 975 2519 judicii
998 2434 1105 2495 natu-

58 2534 156 2625 ralis,
181 2560 256 2632 quo
284 2535 524 2632 distinguitur
546 2535 645 2608 inter
674 2537 851 2632 cujusque
876 2536 931 2608 rei
956 2535 1106 2608 essenti-

59 2648 131 2722 alia
147 2661 188 2722 et
203 2672 282 2722 non
298 2648 519 2738 essentialia,
536 2649 673 2745 partim
690 2648 831 2745 ingenii
848 2648 895 2722 ad
917 2649 1107 2722 invenien-

60 2759 148 2835 dum
164 2762 282 2835 verba
304 2774 341 2835 et
368 2762 575 2835 orationem
601 2761 777 2858 prompti,
795 2762 928 2858 quihus
954 2787 999 2835 ea
1023 2785 1106 2857 quae

59 2875 271 2948 essentialia
287 2885 375 2948 sunt
390 2873 539 2972 proprie
557 2884 596 2947 et
620 2873 812 2971 adaequate
839 2875 1106 2971 significentur.

61 2988 193 3085 ltaque
222 2987 360 3060 diversi
394 2987 562 3061 homines
591 2986 748 3059 eandem
779 2986 957 3060 habentes
987 2988 1107 3059 ideam

60 3100 167 3175 lineae
185 3113 312 3190 rectae,
329 3124 406 3174 non
422 3112 548 3174 tamen
566 3099 722 3173 eandem
748 3101 828 3196 ejus
857 3099 1109 3173 definitionem

61 3215 353 3311 assignaverunt.
398 3214 545 3287 Iudicat
561 3213 752 3287 nobishoc
769 3213 852 3287 loco
867 3214 1014 3287 Clarius
1027 3214 1109 3309 plu-

61 3330 156 3402 rium
174 3327 371 3401 doctorum
387 3326 579 3400 hominum
602 3325 711 3400 linea
732 3335 846 3399 recta
865 3325 1109 3400 definitiones.

61 3440 185 3514 Primo
208 3440 292 3513 loco
317 3440 458 3514 Procli:
484 3462 629 3535 nempe,
648 3449 836 3530 recteest,
855 3464 937 3537 quae
963 3452 1110 3513 tantum

61 3554 215 3651 praecise
234 3564 393 3649 occupat
411 3552 584 3649 spatium,
596 3565 736 3647 quanta
749 3566 807 3626 est
820 3552 997 3627 distantia
1014 3554 1111 3626 inter

61 3678 202 3764 puncta
230 3667 309 3762 ejus
337 3677 513 3738 extrema.
579 3664 764 3755 Secundo,
793 3665 981 3740 Platonis:
1008 3679 1111 3741 recta

62 3793 129 3868 est,
147 3781 255 3877 cujus
278 3778 500 3852 intermedia
523 3790 664 3876 puncta
687 3779 911 3854 obumbrant
935 3791 1109 3853 extrema.

62 3893 201 3982 Tertio,
229 3891 483 3965 Archimedis:
511 3905 615 3966 recta
638 3904 696 3965 est
716 3893 870 3967 minima
896 3893 1111 3967 habentium

62 4005 243 4081 terminos
277 4003 437 4078 eosdem.
502 4005 660 4094 Quarto,
688 4005 887 4102 Campani:
922 4020 1025 4079 recta
1055 4019 1112 4080 est

63 4118 279 4194 brevissima
296 4141 320 4190 a
335 4130 474 4214 puncto
491 4117 539 4191 ad
555 4132 736 4216 punctum
753 4119 931 4193 extensio.
959 4119 1111 4207 Quinto,

63 4257 193 4308 eorum
212 4231 278 4329 qui
301 4230 442 4321 dicunt,
459 4243 599 4305 rectam
623 4256 713 4321 esse,
733 4255 816 4328 quae
842 4231 1064 4305 describitur
1090 4255 1113 4303 a

64 4357 204 4444 puncto
217 4355 320 4417 moto
333 4367 402 4417 nec
414 4343 623 4417 vacillante.
652 4345 796 4419 Quibus
809 4369 878 4441 ego
892 4343 989 4417 addo
1002 4343 1113 4416 aliam

65 4459 232 4533 authoris
249 4457 490 4531 recentioris:
517 4469 695 4531 recteest
712 4459 819 4555 cujus
836 4457 997 4546 termini,
1013 4458 1113 4532 salva

67 4573 285 4671 quantitate,
305 4570 431 4645 diduci
448 4595 523 4646 non
538 4582 705 4669 possunt.
