2618 5092
219 660 293 729 402
363 674 419 729 ns
437 672 673 729 uniuersus
691 672 746 729 rr
761 674 1137 731 murcomannus

24 872 95 915 om
105 870 173 914 vm.
220 852 323 915 rectu
339 853 453 917 rectoe
470 842 520 917 ad
535 842 693 940 ungulos
708 854 833 919 rectos
848 840 1007 935 insistit,
1022 866 1104 919 non
1126 838 1260 931 dicitur,

29 941 177 1058 M
216 956 325 1051 juxta
350 979 557 1030 sermonem
584 978 830 1041 communem,
852 956 1010 1032 omnino
1032 952 1261 1031 inclineriiu

218 1069 397 1142 utramvis
413 1081 559 1165 partem
574 1080 687 1143 recte
702 1068 765 1142 cui
788 1067 952 1143 insistit:
980 1066 1134 1167 quaudo
1149 1080 1261 1145 eutem

218 1182 336 1256 altera
351 1181 461 1257 alteri
476 1182 615 1257 insistit
630 1181 679 1255 ed
690 1180 847 1279 ungulos
857 1180 1044 1280 obliquos,
1056 1192 1151 1257 tuuc
1166 1180 1262 1257 incli-

217 1295 308 1369 oori
324 1295 373 1369 ed
389 1320 472 1369 eam
488 1305 633 1392 partem
650 1292 789 1369 dicitur
799 1294 866 1369 ubi
880 1294 1046 1393 angulus
1059 1306 1119 1371 est
1130 1306 1260 1371 ecum

216 1408 341 1505 Atque
351 1411 424 1484 hoc
434 1432 544 1483 sensu
553 1408 828 1483 inclinationem
838 1407 1262 1507 intelligicinfflemento

180 1588 183 1595 .
215 1522 412 1596 undecimo
425 1521 609 1597 Euclides.
644 1522 773 1619 ltaque
783 1520 938 1595 minime
949 1520 1262 1595 inclinatiorecte

216 1635 281 1709 CB
297 1634 347 1709 ad
364 1634 429 1709 cl)
450 1646 541 1709 tuuc
567 1644 636 1725 est,
653 1634 804 1731 quaudo
821 1634 941 1709 altere
962 1632 1014 1709 cd
1036 1634 1196 1709 alterum
1213 1644 1263 1709 est

215 1748 550 1847 perpendicularis:
567 1748 875 1839 maximuautem,
886 1747 1041 1846 quando
1054 1746 1263 1823 admoveo

216 1859 281 1935 CB
298 1861 347 1935 cd
361 1861 427 1936 OD
443 1871 549 1936 motu
564 1859 737 1936 circulari
763 1858 818 1935 ite
832 1872 877 1935 ut
899 1860 1023 1935 ambae
1044 1860 1261 1937 coincidunt

216 1973 322 2049 Idem
339 1974 452 2049 etiem
465 1973 540 2048 dici
552 1984 678 2071 potest
690 1972 737 2047 de
754 1970 998 2049 inclinatione
1013 1984 1135 2051 reccoe
1146 1974 1210 2051 OD
1220 1973 1263 2049 ed

216 2082 1261 2177 uA,etrectaecAadcu,ecreetaecEadclt

216 2201 345 2276 Motus
375 2201 474 2275 enim
495 2199 685 2275 circularis
712 2198 911 2297 cujuslibet
926 2222 949 2275 e
965 2212 1135 2299 quatuor
1159 2201 1261 2277 rectis

215 2314 398 2389 adrectos
410 2314 566 2411 angulos
581 2314 756 2412 deinceps
767 2313 973 2406 collocatis,
986 2314 1261 2392 inclinationem

216 2439 417 2517 mensurat,
436 2427 601 2525 adeoque
619 2428 776 2524 angulos
793 2452 837 2500 eo
855 2439 961 2502 motu
977 2443 1181 2525 generatos
1196 2458 1205 2504 ε
1228 2442 1260 2504 et

215 2564 360 2638 semper
378 2566 451 2637 quo
467 2543 587 2638 major
603 2553 660 2615 est
680 2564 766 2638 pars
793 2542 909 2617 totius
935 2543 1171 2619 circuitionis
1186 2569 1259 2643 que

214 2678 260 2728 eo
277 2668 383 2728 motu
407 2655 577 2729 circulari
595 2655 800 2745 conficitur,
820 2678 865 2729 eo
883 2657 1005 2753 major
1023 2670 1082 2732 est
1099 2658 1257 2756 angulus.

264 2769 287 2842 J
289 2793 349 2841 am
362 2769 552 2843 inclinatio
568 2781 681 2843 rectae
698 2769 763 2843 CD
781 2768 829 2842 ad
846 2793 974 2844 arcum
993 2771 1046 2843 CI
1064 2796 1143 2869 quo
1158 2784 1257 2869 pacto

215 2883 422 2956 mensurari
438 2895 574 2980 potest,
593 2906 678 2955 cum
694 2893 819 2978 partes
845 2904 975 2956 omnes
1002 2906 1116 2959 arcus
1141 2886 1190 2960 cl
1211 2884 1257 2958 di·

215 3018 340 3068 versus
365 2996 526 3070 habeant
551 2994 821 3080 inclinationes
839 2995 911 3068 nisi
934 2996 1037 3092 quod
1063 2998 1105 3071 in
1130 3008 1256 3096 puncto

215 3109 326 3184 unico
355 3110 385 3183 C
414 3111 605 3184 inclinatio
635 3109 796 3183 maxims
819 3120 887 3199 est,
915 3132 1052 3207 nempe
1080 3113 1209 3209 puncti
1233 3109 1257 3183 G

216 3235 400 3319 quatenus
427 3225 467 3297 in
494 3234 597 3297 recte
622 3223 689 3296 DC
715 3221 763 3295 ad
789 3222 888 3296 idem
910 3238 1097 3320 punctum
1115 3226 1161 3315 C,
1179 3247 1255 3322 que

217 3348 326 3410 tenus
343 3336 381 3410 in
399 3361 488 3410 arcu
505 3335 585 3409 lc?
637 3337 768 3431 Itaque
785 3336 943 3433 angulus
961 3339 1028 3434 qui
1050 3341 1098 3413 fit
1114 3364 1139 3413 a
1154 3360 1255 3412 curra

218 3450 267 3522 01
285 3463 324 3523 et
342 3463 445 3524 recta
462 3451 542 3541 CD,
561 3450 712 3525 omnino
729 3449 777 3522 ad
793 3464 974 3547 puuctum
998 3451 1123 3548 ipsum
1140 3448 1254 3525 Ouul-

216 3563 275 3636 lus
293 3575 360 3653 est,
379 3565 452 3637 nisi
468 3564 625 3660 angulus
643 3575 837 3638 contactus
854 3587 930 3637 non
947 3564 997 3638 sit
1013 3565 1182 3661 ejusdem
1202 3585 1253 3661 ge·

216 3677 316 3750 ueris
343 3678 561 3773 quantitatis
589 3701 674 3751 cum
703 3678 840 3774 angulo
863 3700 974 3773 quem
1001 3679 1119 3753 efficit
1143 3676 1254 3752 radius

216 3812 284 3885 per
300 3801 443 3863 motum
460 3790 676 3864 circularem
695 3789 744 3862 nd
763 3790 876 3862 alium
900 3788 1026 3864 locum
1054 3790 1253 3865 trunslntm.

219 3902 274 3976 De
292 3927 366 3999 quo
396 3903 514 3977 fusius
539 3903 683 3977 dicetur
711 3902 751 3976 in
778 3902 1055 3977 examinatione
1078 3905 1187 4001 Prop.
1208 3908 1252 3976 16.

217 4017 334 4091 Elem.
352 4018 403 4091 iii.

269 4132 469 4206 Videamus
488 4131 656 4228 denique,
670 4154 738 4205 cur
753 4129 801 4203 ad
819 4130 1126 4205 constitutionem
1143 4126 1255 4226 auguli

218 4246 467 4320 necessarium
480 4247 522 4319 fit
539 4257 583 4319 ut
597 4245 680 4319 duae
697 4244 816 4332 lincae,
830 4244 951 4339 ipsum
965 4244 1179 4335 efficientes,
1192 4262 1255 4316 nou

216 4362 366 4456 jaceant
395 4360 433 4432 in
465 4358 672 4432 directum:
708 4358 814 4454 cujus
842 4379 993 4431 causam
1020 4357 1119 4431 hanc
1148 4354 1255 4431 reddit

221 4473 381 4559 Cluvius,
398 4471 498 4569 quod
523 4495 593 4544 nec
611 4470 694 4544 duae
718 4482 843 4567 partes
866 4469 1036 4566 ejusdem
1059 4483 1184 4558 rectoe,
1198 4486 1255 4543 nec

220 4585 295 4660 duo
312 4610 419 4661 arcus
437 4585 602 4683 ejusdem
615 4583 756 4673 circuli,
769 4583 910 4659 feciunt
927 4583 1121 4680 ungulum.
1155 4584 1257 4660 ccc
