2618 5092
207 700 280 767 248
524 711 579 765 nn
597 710 770 767 narona
787 710 925 767 anuto.
1059 692 1066 701 '

207 890 331 954 autem
350 880 445 954 lanae
470 904 700 978 compressae,
717 880 777 956 vel
801 880 949 955 laminae
974 876 1224 977 chalybeoe,rd

207 992 322 1066 atomi
348 1016 465 1067 aereae
495 993 738 1068 restitutionis
767 1014 919 1067 causam
943 992 1106 1066 efferunt
1130 990 1227 1089 philo

208 1106 314 1201 sophi
331 1107 444 1179 vestri
463 1106 786 1204 experimentariii
825 1105 895 1179 Vel
911 1116 956 1180 tu
972 1128 1086 1203 qnam
1100 1126 1227 1179 causon

207 1219 317 1290 affers
344 1219 590 1310 verisimilem,
620 1231 774 1317 propter
803 1242 915 1317 quam
942 1218 1088 1293 balista
1113 1216 1232 1293 laum

208 1332 385 1430 chalybea
403 1345 617 1407 consuetam
632 1332 892 1408 rectitudinem
907 1342 986 1407 tum
1003 1332 1080 1407 cito
1094 1328 1232 1429 recipit?

259 1444 306 1517 B.
334 1446 489 1519 Causam
522 1448 600 1544 ejus
637 1448 692 1521 rei
721 1446 964 1521 certissimam
997 1469 1074 1519 non
1102 1468 1234 1544 possum

210 1558 344 1631 dicere.
397 1559 508 1634 Quod
530 1560 570 1633 in
594 1584 707 1634 causa
733 1583 808 1633 non
837 1560 886 1634 sit
910 1558 1069 1633 remotio
1097 1558 1235 1657 impedi·

210 1673 337 1762 menti,
356 1686 456 1746 certe
479 1674 578 1758 scio;
604 1674 691 1770 quia
720 1696 832 1747 causa
860 1684 982 1747 motus
1011 1672 1133 1746 omnis
1162 1694 1238 1746 con·

210 1785 308 1858 sistit
351 1786 388 1858 in
431 1788 578 1860 actione
614 1787 737 1884 aliqua
765 1786 805 1860 in
846 1809 980 1883 corpus
1017 1784 1237 1859 movendum.

211 1899 364 1989 Rursus,
382 1911 524 1974 remoto
551 1899 813 1997 impedimento
839 1924 915 1973 uon
941 1899 1055 1975 credo
1079 1899 1239 1974 luminam

210 2013 351 2086 resilire
377 2014 571 2110 impulsam
587 2015 635 2088 ab
660 2014 846 2088 ambiente
868 2036 966 2103 aere,
984 2036 1106 2111 neque
1123 2038 1147 2087 a
1160 2035 1240 2111 pon-

212 2125 300 2199 dere
331 2126 405 2200 ullo
433 2127 710 2223 atmosphaerae;
744 2151 829 2201 curn
861 2149 927 2201 aer
958 2126 1023 2200 ille
1059 2126 1241 2223 contiguus

213 2241 406 2337 comprimi
439 2266 463 2314 a
493 2242 660 2315 tensione
692 2241 836 2316 balistae
867 2265 942 2314 non
976 2241 1121 2338 possit3
1156 2238 1241 2314 etsi

213 2368 348 2451 posset,
385 2357 496 2430 etiam
530 2356 666 2430 lamina
707 2355 879 2451 plumbea
911 2353 1011 2427 idem
1052 2366 1241 2451 pateretur.

212 2469 325 2541 Porro
354 2470 452 2564 quod
480 2468 616 2542 lamina
647 2469 709 2540 illa
737 2480 927 2541 moveatur
954 2477 1088 2564 sponte
1112 2491 1187 2557 sua,
1211 2464 1243 2539 id

212 2593 281 2669 est,
300 2591 341 2654 ut
359 2582 438 2677 ipsa
455 2582 509 2654 sui
528 2581 641 2677 ipsius
664 2592 785 2653 motus
801 2581 850 2653 sit
866 2579 1102 2676 principium,
1121 2581 1243 2676 impos-

213 2694 317 2766 sibile
352 2707 431 2779 est;
461 2708 500 2767 et
533 2718 579 2767 ne
612 2719 636 2767 a
668 2694 804 2767 nostris
834 2692 982 2789 quidem
1017 2693 1244 2767 concedetur.

214 2808 315 2882 Quid
332 2832 420 2903 ergo
444 2821 569 2897 restet,
593 2808 662 2880 nisi
687 2819 729 2880 ut
755 2820 909 2880 conatus
937 2807 998 2879 ille
1028 2805 1078 2879 ad
1105 2807 1244 2880 rectitu-

213 2921 337 2995 dinem
380 2923 428 2994 sit
467 2922 545 3018 ipse
582 2945 688 2993 verus
730 2934 852 2995 motus
885 2921 1024 3009 localia
1060 2921 1128 2994 sed
1160 2921 1246 2993 intra

213 3036 372 3131 spatium
395 3034 695 3131 imperceptibile,
713 3034 963 3107 velocissimus
978 3046 1118 3125 tamen,
1136 3032 1246 3132 utqui

211 3149 478 3222 velocissimum
497 3158 638 3221 motum
654 3146 850 3243 procreat?

263 3264 312 3334 Α.
340 3263 455 3336 Recte
482 3261 654 3358 loqueris
681 3272 718 3333 et
740 3261 932 3333 theorema
961 3261 1131 3336 mirabile
1157 3256 1247 3333 sacili

213 3375 401 3465 methodo,
419 3388 463 3448 ut
478 3374 737 3471 philosophum
765 3374 883 3463 decet,
911 3374 1076 3470 perfecte
1105 3373 1245 3447 demon·

213 3489 348 3561 strasti.
401 3490 537 3564 Quaero
551 3500 675 3560 autem
691 3487 730 3559 iu
749 3510 902 3583 corpore
919 3486 1018 3582 quod
1035 3498 1192 3561 conatur
1206 3480 1247 3558 ad

210 3601 269 3673 sui
286 3601 565 3690 restitutionem,
584 3600 701 3697 qualis
718 3600 765 3672 sit
781 3600 941 3696 partium
956 3600 1106 3674 motus?

266 3715 313 3787 B.
342 3715 467 3787 Motus
484 3715 545 3787 ille
572 3726 695 3787 rectus
724 3736 801 3785 esse
829 3736 904 3784 nou
935 3723 1084 3808 potest3
1112 3707 1247 3809 quiesi

213 3837 336 3900 rectus
354 3839 462 3915 esset,
481 3840 599 3900 totum
626 3850 772 3922 corpus,
789 3826 904 3917 (verbi
922 3826 1059 3920 gratia)
1088 3826 1169 3923 ipsa
1190 3825 1248 3898 bo·

212 3941 298 4013 lista
315 3964 358 4012 eo
377 3953 478 4014 motu
498 3941 785 4035 absportaretur,
804 3963 848 4012 eo
866 3938 976 4011 modo
1000 3964 1077 4035 quo
1104 3940 1247 4035 abspor-

212 4054 282 4126 tari
299 4054 394 4126 solet
411 4055 535 4126 telum.
588 4054 748 4126 Necesse
765 4075 854 4147 ergo
880 4063 935 4124 est
952 4063 994 4124 ut
1011 4064 1169 4154 conatus
1194 4050 1248 4123 ille

211 4169 259 4241 sit
277 4167 476 4256 circularia
496 4167 589 4256 talis,
605 4180 647 4239 ut
659 4190 767 4240 omne
780 4166 944 4262 corporis
963 4189 1002 4238 se
1026 4164 1247 4240 restituentis

212 4295 390 4378 punctum
404 4280 515 4354 saciat
533 4279 732 4353 circellum.

263 4396 313 4470 A.
340 4396 383 4468 ld
400 4419 487 4468 vero
505 4418 653 4466 necesse
671 4417 745 4465 non
764 4404 841 4476 est;
869 4390 934 4464 sed
952 4403 995 4465 ut
1019 4403 1144 4466 motus
1170 4390 1248 4464 talis

212 4510 273 4597 sit,
287 4522 330 4582 ut
347 4534 390 4582 eo
409 4509 448 4581 id
466 4508 565 4605 quod
583 4519 750 4580 movetur
777 4506 905 4580 redeat
927 4506 976 4579 ad
1000 4505 1128 4580 locum
1158 4502 1248 4578 unde

212 4624 352 4696 moveri
381 4623 507 4719 coepit,
535 4622 574 4694 id
597 4622 763 4718 profecto
782 4620 1033 4696 necessarium
1057 4634 1128 4695 est.
1181 4615 1247 4693 Sed
