2618 5092
226 680 302 747 410
369 693 424 746 DE
443 690 678 746 eumeleus
698 690 750 745 n·
766 685 1141 745 urlocmffloltn

658 1012 765 1089 cAP.
789 1010 842 1089 X.

227 1186 282 1239 Dll
311 1186 540 1239 Pll'l'lTIONll
567 1184 703 1239 PRIMA
729 1184 950 1240 strumum
975 1184 1121 1257 emm,
1144 1184 1196 1239 ΙΤ
1214 1184 1260 1239 ΠΙ

487 1298 769 1355 nurtululonu
793 1298 972 1355 unctus.

53 1465 123 1507 cir.
137 1464 168 1506 x.
225 1430 397 1503 Purrrro
423 1428 567 1525 prims:
605 1426 657 1503 Ut
676 1452 703 1503 o
722 1426 852 1527 quovis
870 1436 1019 1527 puncto
1042 1426 1103 1501 ad
1122 1425 1262 1527 quadris

13 1532 185 1655 1,,ᾞῇ
218 1551 399 1642 punctum
414 1552 556 1615 restam
572 1540 710 1616 lineum
724 1540 1118 1617 senecensem.

13 1660 214 1785 ffiffffl}
277 1656 317 1729 Si
330 1657 556 1730 concedatur
571 1656 855 1730 lineombabere
867 1654 1110 1729 latitudinem
1118 1654 1263 1753 aliqum

13 1759 419 1859 odmemvisibilem
446 1793 553 1865 aequs
579 1782 657 1844 est:
686 1793 774 1842 nom
801 1793 826 1844 u
851 1780 995 1865 puncto
1022 1768 1074 1843 ud
1098 1778 1262 1867 puuctum

226 1883 376 1956 extendi
393 1895 518 1980 potest
534 1906 581 1956 ex
597 1883 674 1957 lino
689 1884 806 1958 filum.
849 1882 1004 1979 Alioqui
1019 1882 1128 1957 foetu
1141 1884 1262 1980 impos

226 1997 332 2070 sibile
349 2010 431 2070 est:
457 2011 496 2070 et
512 2012 710 2094 propterea
726 1996 858 2094 petitio
874 1996 1004 2093 iniqua
1021 2008 1093 2071 est.

277 2108 353 2184 Sed
378 2110 443 2184 illa
461 2110 625 2185 Euclidis
641 2127 767 2203 γραμμὴ,
784 2111 855 2185 etsi
871 2108 1116 2185 latitudinem
1130 2108 1262 2196 hubent,

225 2221 312 2298 duci
328 2247 404 2298 non
420 2236 545 2321 potest
561 2224 633 2297 nisi
648 2224 688 2297 in
704 2222 828 2321 pleno.
879 2222 1038 2297 Planum
1061 2233 1188 2297 nutem
1209 2220 1263 2295 de-

225 2338 338 2410 scribi
370 2361 446 2411 non
479 2348 603 2434 potest
636 2338 715 2410 sine
749 2360 820 2434 ope
854 2348 968 2410 reetae
993 2336 1129 2411 lineaez
1158 2336 1209 2409 its
1227 2344 1263 2406 nt

226 2474 346 2546 neque
373 2463 475 2524 recta
499 2452 675 2540 Euclidis,
693 2475 814 2548 neque
842 2451 1059 2548 superficies
1076 2450 1197 2547 plana,
1212 2470 1262 2521 se·

226 2576 354 2638 curate
372 2564 528 2637 describi
546 2566 673 2661 possit.
727 2564 830 2660 Opus
848 2574 904 2637 est
924 2564 1184 2638 instrumentis
1199 2584 1261 2635 me

226 2676 402 2765 chanicis,
420 2678 544 2772 qualia
569 2690 657 2751 sunt
686 2678 815 2775 regula
837 2688 875 2750 et
893 2701 1040 2766 norma,
1059 2677 1099 2751 id
1117 2688 1183 2766 est,
1199 2698 1261 2749 non

226 2801 410 2863 accurate.
447 2791 608 2886 AEquum
625 2803 749 2865 tamen
763 2814 843 2865 esse
859 2790 995 2879 fateor,
1005 2802 1051 2864 ut
1068 2791 1109 2864 in
1122 2789 1260 2887 opificiis

225 2904 395 2977 humanis
412 2928 480 2999 pro
497 2917 671 2978 accurato
693 2905 884 2988 habentur,
903 2904 1006 3000 quod
1029 2916 1203 2978 accurato
1218 2910 1261 2974 est

225 3019 446 3113 proximum.
499 3018 573 3091 Sed
590 3019 689 3115 quod
706 3020 822 3092 lineas
839 3018 1104 3114 hyperbolicas
1120 3029 1159 3092 et
1174 3016 1260 3110 ellip

225 3132 318 3205 tiens
345 3132 432 3207 duci
455 3157 564 3228 posse
589 3134 802 3207 Euclidistae
827 3156 904 3204 non
928 3132 1154 3218 concedunt,
1177 3134 1259 3219 (eun

223 3248 363 3321 certius
388 3248 578 3345 aliquanto
603 3248 740 3344 ellipsis
756 3258 794 3321 et
811 3245 1016 3343 hyperbole
1034 3269 1107 3341 ope
1123 3244 1175 3317 fili
1191 3237 1259 3315 duci

224 3371 347 3456 potest
364 3385 475 3457 quum
504 3361 601 3434 linea
627 3371 731 3435 recta
747 3384 817 3457 ope
835 3359 1008 3455 regulae),
1027 3359 1193 3454 iniquum
1206 3364 1258 3426 est.

226 3475 356 3570 ltaque
392 3475 568 3571 quamdiu
592 3486 794 3571 geometrae
818 3473 934 3545 linens
960 3471 1031 3544 has
1058 3471 1145 3544 duei
1169 3487 1259 3566 posse

225 3599 376 3682 negant,
390 3589 531 3661 tamdiu
549 3589 678 3685 petitio
695 3588 773 3660 hmo
791 3587 917 3682 iniqua
934 3596 1009 3658 est:
1025 3597 1065 3659 et
1082 3596 1260 3682 propterea

225 3700 338 3774 etism
355 3701 516 3775 secunda
533 3702 662 3775 haberi
680 3701 791 3774 debet
808 3723 877 3796 pro
894 3699 1036 3793 iniqua.

277 3814 519 3888 Definitiones
553 3815 735 3887 Elementi
771 3812 923 3886 secundi
952 3811 1083 3884 faciles
1113 3814 1261 3895 suntet

224 3941 378 4025 propter
409 3952 491 4000 eam
521 3952 670 4002 causam
687 3928 779 4002 vitio
810 3938 949 4001 carent.
1005 3925 1111 3999 Idem
1130 3925 1209 3997 dico
1224 3918 1260 3992 de

224 4042 500 4116 definitionibus
518 4042 700 4116 Elementi
719 4042 820 4115 tertii
838 4041 915 4114 fere
933 4039 1120 4113 omnibus.
1173 4036 1260 4121 Fere,

223 4158 399 4253 inquam:
426 4156 631 4229 notandum
649 4155 747 4229 enim
764 4167 833 4244 est,
852 4152 952 4249 quod
969 4153 1010 4225 iu
1027 4152 1192 4225 secundo
1211 4147 1262 4220 de·

224 4272 392 4346 finitione
409 4270 525 4343 Elem.
539 4271 591 4357 iii,
611 4269 741 4342 definit
754 4278 926 4366 tangere,
944 4289 1012 4362 per
1026 4275 1190 4364 tangere
1204 4282 1262 4333 nec

224 4409 373 4459 secare:
392 4385 574 4457 incertum
591 4384 801 4479 relinquens
818 4405 866 4454 an
880 4392 1065 4476 punctum
1080 4387 1260 4453 contactus

225 4500 506 4595 intelligendum
519 4498 567 4571 sit
583 4498 622 4571 in
635 4522 710 4571 una
722 4509 868 4571 tontum
886 4495 1072 4568 linearum
1086 4491 1262 4586 contiguu-

225 4637 320 4703 rum,
346 4637 393 4686 an
421 4613 459 4686 in
487 4623 654 4708 utraque,
681 4636 729 4687 on
759 4611 858 4684 inter
887 4619 1100 4704 utramque.
1151 4607 1261 4680 Potest
