2618 5092
385 127 439 179 na
458 127 629 180 Narona
649 127 785 180 aunis.
1034 115 1106 180 289

58 300 190 362 centro
206 314 251 387 g,
274 287 430 364 ducatur
456 316 523 388 per
550 318 575 364 a
605 293 855 367 semicirculus
885 293 968 366 aab
995 306 1106 368 rectae

59 403 127 476 DP
150 425 355 476 occurrens
383 405 420 476 in
444 404 479 494 a,
499 416 683 501 rectaeque
713 404 766 478 ab
793 406 831 479 in
859 405 892 479 b.
945 405 1106 504 Ideoque

57 528 214 613 propter
237 541 288 589 ca
315 518 494 613 aequalem
522 520 663 592 semissi
690 531 803 593 rectae
834 519 917 608 DV,
944 533 1023 593 tum
1051 544 1107 618 cg

59 629 203 703 semissi
220 629 305 719 TD,
324 630 394 703 erit
410 630 462 703 ab
479 632 621 705 samissi
639 632 711 703 YV
730 632 893 729 aequslis.
929 633 1106 729 Adeoque

56 744 189 839 juncta
207 740 264 816 Pb
281 756 320 817 et
337 744 562 834 continuata,
581 757 751 818 occurret
768 758 906 841 puncto
924 746 968 818 Y.
1007 746 1107 819 Duc-

60 855 181 953 tisque
199 854 264 942 bh,
277 855 331 928 Ira
350 857 473 946 rectis,
491 857 562 930 erit
579 856 734 953 angulus
752 856 983 949 tharacus,
1000 859 1107 954 ipsae-

62 993 130 1067 que
149 968 214 1058 bt,
231 967 286 1042 Ιια
303 969 513 1043 semissibus
543 982 728 1044 rectarum
746 971 833 1060 YX,
851 971 928 1044 XY
947 971 1107 1068 aequales

63 1094 99 1156 et
113 1081 315 1180 parallelae.

110 1200 135 1235 “
149 1194 248 1272 Quae
266 1190 411 1291 quidem
434 1218 523 1268 vera
540 1207 638 1269 sunt.
692 1194 766 1269 Sed
791 1220 866 1270 non
886 1197 977 1271 item
998 1211 1037 1272 et
1054 1222 1107 1271 se-

65 1308 226 1405 quentia,
245 1330 402 1405 nempe:
428 1307 568 1382 bisecta
585 1308 710 1404 itaque
723 1309 790 1381 YZ
807 1310 846 1383 in
865 1310 890 1400 i,
904 1311 1107 1409 junctaque

65 1421 129 1507 5123
170 1421 244 1495 erit
277 1419 388 1494 Yihb
421 1421 689 1518 rectangolum,
721 1433 760 1495 et
789 1422 852 1496 Yb
886 1435 998 1497 reotae
1032 1425 1108 1497 XV

64 1533 248 1632 parallelo.
313 1530 387 1608 Sed
420 1546 459 1608 et
483 1535 551 1607 YZ
581 1533 701 1608 eidem
730 1535 807 1607 XV
837 1536 1011 1633 parallela
1039 1549 1106 1611 est.

65 1648 159 1747 Ergo
193 1661 234 1722 et
261 1647 341 1738 ΥΖ,
373 1647 469 1723 siout
502 1649 584 1746 ipsa
617 1647 689 1737 Yb,
723 1649 905 1744 producta
938 1662 1108 1724 occurret

64 1773 201 1859 puncto
219 1762 259 1837 P.

109 1875 246 1950 “.Haeo
263 1873 335 1948 ille.
377 1870 452 1949 Sed
468 1874 575 1948 male.
615 1874 791 1971 Sequitur
807 1875 935 1971 utique
953 1898 999 1949 ex
1015 1899 1108 1972 prae-

65 1985 169 2063 dictis
187 1984 303 2059 Yikb
318 1985 702 2083 parallelogrammum
719 2009 811 2076 esse,
829 1986 894 2061 sed
919 2011 993 2061 non
1017 1988 1108 2061 item

65 2099 342 2198 rectangnlum:
369 2099 535 2196 adeoque
558 2123 628 2173 neo
656 2099 718 2172 Yb
741 2112 855 2174 rectae
884 2100 961 2173 XV
987 2100 1108 2199 paral-

65 2211 181 2289 lelam.
235 2211 323 2287 Non
340 2213 439 2286 enim
459 2211 576 2308 (quod
593 2213 662 2310 ipsi
679 2211 801 2286 fraudi
819 2213 906 2308 fuit)
926 2215 1014 2312 quia
1029 2214 1109 2288 blm

65 2325 239 2425 angulum
257 2336 400 2398 rectum
424 2347 503 2399 essa
521 2325 745 2412 ostenderat,
765 2325 848 2399 ideo
868 2326 940 2400 bhi
964 2342 1109 2402 rectum

64 2462 139 2515 esse
156 2437 347 2535 sequitur:
372 2437 445 2511 nisi
468 2438 575 2511 simul
595 2436 878 2528 demonstrarat,
895 2451 1037 2514 rectam
1053 2442 1108 2514 alr

64 2552 317 2628 continuatam
333 2550 381 2625 ad
397 2562 577 2648 punctum
595 2551 610 2624 i
625 2551 872 2648 pertingere.”

109 2667 160 2742 B.
189 2663 403 2741 Mirandum
418 2690 506 2740 sane
521 2679 589 2755 est,
604 2690 825 2764 quemquam
842 2688 921 2738 esse
936 2665 1010 2761 qui,
1022 2689 1108 2738 cum

64 2779 411 2855 demonstrationem
435 2792 512 2854 tam
535 2778 682 2853 facilem
709 2791 747 2852 at
772 2777 1003 2875 perspicuam
1033 2802 1108 2852 non

63 2893 296 2984 intellexerit,
315 2893 361 2967 de
378 2893 541 2990 quaesitis
558 2905 684 2967 tamen
705 2893 744 2966 in
771 2892 976 2989 geometria
1002 2891 1108 2965 nobi-

62 3006 220 3097 lissimis,
238 3008 440 3105 praesertim
459 3007 669 3081 hominibus
693 3008 752 3101 (ut
768 3006 939 3103 putabat)
959 3005 1107 3095 exteris,

61 3120 215 3195 auderet
231 3118 465 3217 respondere.
518 3118 727 3193 Confitetur
750 3117 860 3191 Yiha
882 3141 961 3191 esse
987 3117 1107 3214 paral-

62 3231 362 3331 lelogrammum:
380 3241 493 3328 negat
510 3254 588 3305 esse
605 3232 872 3329 reotangulum.
900 3230 993 3306 Quis
1009 3231 1108 3304 enim

61 3368 134 3421 uon
158 3344 276 3430 videt,
297 3343 479 3441 completo
502 3343 642 3417 circulo
658 3344 784 3433 abac,
808 3344 958 3418 ductam
974 3342 1044 3441 hg,
1069 3355 1108 3414 et

61 3459 280 3555 productam
296 3457 345 3532 ad
362 3456 696 3531 circumferentiam
719 3458 759 3531 in
779 3458 814 3546 le,
832 3458 1009 3555 aequalam
1028 3479 1108 3528 esse

61 3585 97 3645 et
112 3570 327 3671 parallelum
344 3570 434 3644 TZ:
462 3582 500 3643 et
523 3569 592 3655 Pa,
611 3570 674 3643 αΤ
691 3595 769 3644 esse
793 3570 963 3667 aequales,
987 3583 1025 3642 et
1041 3591 1108 3664 per

62 3707 287 3783 consequens
303 3683 359 3758 alt
376 3683 595 3782 productam
618 3685 776 3758 transire
795 3708 863 3780 par
880 3695 1046 3758 centrum
1063 3680 1107 3767 T,

62 3807 98 3871 et
111 3797 272 3895 proinde
288 3820 414 3872 secare
425 3796 501 3869 XY
512 3795 683 3870 bifariam
701 3809 740 3871 et
753 3797 802 3870 ad
814 3796 968 3893 angulos
985 3805 1108 3867 rectos

63 3908 99 3984 iu
116 3911 132 3985 ἱ
144 3910 159 3984 l

111 4022 161 4097 A.
188 4022 301 4120 Atqui
319 4023 500 4098 refutator
533 4035 681 4098 tantum
723 4023 852 4098 abesse
886 4021 950 4111 ait,
988 4031 1031 4094 ut
1064 4043 1109 4092 eo

160 4157 256 4213 von.
271 4158 329 4211 1v.
979 4157 1008 4210 u
