2618 5092
327 651 608 704 Pronuntiare
628 652 822 705 rnrsrca.
1023 640 1095 703 345

91 816 140 892 Α.
169 818 251 893 Qui
281 818 362 891 fieri
384 832 508 916 potest
539 832 583 892 ut
602 819 707 892 navis
724 844 747 893 a
763 830 875 893 vento
896 830 993 908 acta,
1012 844 1097 916 pro-

45 931 237 1026 grediatur
265 943 394 1005 tamen
424 932 622 1028 aliquando
648 933 686 1005 in
713 930 842 1006 eadem
863 932 961 1007 linea
981 947 1096 1023 recta,

47 1045 147 1140 quasi
164 1067 190 1118 a
206 1057 323 1119 vento
340 1069 415 1119 non
434 1046 591 1142 impulsa
607 1045 674 1119 sed
691 1046 878 1119 attracta?

95 1158 144 1231 B.
173 1157 280 1231 Scire
309 1158 412 1254 prius
442 1168 603 1253 oportet,
627 1158 726 1255 quod
756 1181 891 1255 corpus
921 1183 1029 1232 omne
1056 1160 1096 1234 in

48 1270 145 1344 aliud
163 1295 303 1369 corpus
320 1271 540 1369 impingens,
555 1273 632 1345 sive
649 1272 1004 1369 perpendiculariter
1020 1274 1096 1347 sive

48 1384 195 1479 oblique
211 1383 393 1472 incidenS,
412 1407 557 1479 semper
582 1394 707 1457 tumen
730 1385 808 1480 agit
833 1385 872 1457 in
898 1385 996 1461 linea
1013 1410 1096 1481 quae

48 1496 168 1570 estad
186 1495 420 1593 superficiem
436 1497 602 1593 corporis
619 1498 659 1570 in
676 1497 777 1594 quod
795 1498 926 1571 incidit
942 1522 1097 1594 perpen-

49 1609 236 1683 dicularis.
287 1609 456 1705 Exempli
483 1633 617 1683 causa:
642 1610 720 1707 pila
744 1611 909 1686 ferreae
931 1612 1097 1708 sclopeto

49 1725 85 1797 in
100 1723 285 1820 parietem
302 1722 424 1810 missa,
442 1746 524 1796 eam
551 1723 707 1797 aliamve
734 1725 928 1798 materiam
952 1725 1006 1798 ita
1030 1725 1098 1798 im·

48 1835 164 1931 pellit,
182 1847 227 1909 ut
243 1857 331 1931 pars
353 1835 429 1908 icta
452 1835 627 1909 recedere
654 1848 810 1933 cogatur
839 1838 877 1910 in
898 1837 997 1911 linea
1013 1863 1096 1935 quae

51 1962 105 2022 cst
135 1949 183 2023 ab
211 1948 444 2045 superficiem
474 1949 802 2046 perpendicularis.
854 1951 953 2024 Nam
980 1952 1011 2025 si
1037 1953 1097 2027 via

49 2062 132 2158 pilae
156 2063 206 2136 sit
233 2061 283 2134 ad
303 2061 482 2157 parietem
513 2063 675 2160 obliqua,
698 2077 821 2138 motus
844 2066 924 2160 ejus
945 2088 1096 2162 compo-

49 2186 157 2249 netur
174 2199 221 2248 ex
234 2173 378 2247 duobus
396 2174 569 2264 motibus,
581 2176 698 2250 altero
717 2176 765 2250 ad
781 2178 961 2273 parietem
978 2178 1098 2275 paral·

50 2286 130 2376 lelo,
164 2287 283 2362 altero
317 2286 624 2383 perpendiculari.
678 2291 710 2362 Α
742 2314 899 2386 quorum
928 2303 1097 2366 motuum

50 2401 165 2495 primo
184 2400 309 2476 nullus
326 2400 365 2472 in
382 2401 523 2497 pariete
542 2403 693 2477 effectus
712 2427 791 2477 esse
808 2416 941 2502 potest.
994 2407 1097 2479 lctus

51 2538 135 2612 ergo
152 2526 259 2589 totus
281 2512 353 2587 erit
369 2538 392 2587 a
407 2527 513 2588 motu
539 2514 669 2606 altero,
693 2540 826 2615 nempe
851 2520 1097 2616 perpendicu-

50 2627 137 2702 lari:
163 2650 279 2725 quare
296 2651 382 2724 para
400 2629 552 2724 parietis
580 2653 755 2727 percussa
776 2631 926 2708 recedet
942 2634 981 2708 in
998 2634 1098 2707 linea

50 2740 342 2839 perpendiculari
359 2740 448 2815 sola.
500 2743 581 2817 Nec
608 2745 679 2818 nisi
706 2745 760 2819 ita
782 2759 891 2834 esset,
907 2748 983 2822 ulla
1000 2759 1098 2822 esset

51 2853 139 2929 ictus
165 2854 308 2951 obliqui
333 2865 372 2929 et
400 2856 714 2952 perpendicularis
738 2857 947 2936 differentia
973 2861 1097 2958 quoad

51 2967 132 3042 rim.
187 2966 301 3042 Quod
316 2966 449 3040 falsum
466 2990 546 3042 esse
564 2969 687 3043 sciunt
704 2994 844 3046 omnes.

93 3080 146 3154 Α.
174 3078 373 3154 Quomodo
391 3091 515 3155 autem
532 3080 613 3155 haec
630 3082 679 3156 ad
696 3107 827 3157 navem
844 3085 1049 3161 transfers?

95 3193 146 3268 B.
174 3192 234 3266 Sit
250 3191 322 3264 AB
345 3193 461 3281 navis,
478 3217 591 3290 prora
608 3195 652 3268 A.

53 3305 133 3381 lam
151 3305 185 3379 ai
194 3316 329 3378 ventus
346 3304 460 3401 spiret
473 3303 520 3376 ab
530 3307 564 3378 A
574 3328 653 3379 ver·

48 3442 104 3493 sus
121 3418 168 3509 B,
180 3416 358 3514 progredi
375 3418 480 3492 navis
496 3441 572 3492 non
589 3442 653 3515 po·

48 3544 130 3623 teat,
164 3531 498 3628 quomodocunque
525 3532 654 3606 obten-

46 3669 124 3720 sum
157 3645 207 3718 sit
233 3643 368 3717 velum.
420 3644 478 3719 Sit
509 3644 579 3718 CD
606 3644 656 3718 ad
775 3713 791 3747 u

45 3781 177 3833 navem
193 3757 521 3854 perpendicularis,
534 3757 655 3853 sitque

44 3871 166 3946 velum
177 3870 248 3944 EC
265 3870 414 3967 oblique
440 3882 598 3958 tensum,
616 3870 656 3942 irr

46 4007 268 4080 quocunque
281 3982 546 4080 anguloEOA.
583 3984 657 4057 Sit-

47 4095 655 4193 queCFperpendicularisadEC.

47 4209 156 4282 Vides
184 4232 275 4305 ergo
302 4231 580 4304 progressuram
605 4232 737 4282 navem
759 4233 828 4305 pro
855 4209 999 4283 ratione
1024 4210 1094 4283 CA

49 4322 93 4395 ad
109 4322 191 4396 DF.

95 4436 143 4511 Α.
171 4435 230 4509 lta
247 4445 315 4509 est.
368 4434 442 4510 Sed
459 4434 491 4509 si
508 4447 640 4512 ventus
657 4436 735 4511 fere
757 4434 966 4512 contrarius
984 4447 1093 4525 esset,

1150 847 1218 888 CAP.
1233 850 1251 888 V

1136 916 1251 950 ⁹¹*-

1110 986 1251 1042 Deplnrimr

1109 1050 1202 1108 aliisque
1216 1065 1251 1095 coe

1110 1116 1232 1160 rietnribur.
