2618 5092
379 627 562 682 cunsrro
583 625 776 677 sennam.
1024 608 1096 674 499

101 791 241 866 Coroll.
256 818 291 866 v.
319 792 459 866 Eadem
477 793 533 865 Ae
550 791 702 886 aequalis
724 801 782 862 est
799 789 942 862 duabus
960 790 1098 888 quintis
1131 812 1215 852 mor.
1232 811 1293 852 vm.

53 930 157 980 arcus
175 904 251 981 BC.
306 905 402 979 Nam
420 903 713 1001 quadrataaGi‚
730 896 1098 994 AC‚Ae,sunt{‚},
1139 880 1282 914 ψ

53 1035 88 1097 et
100 1020 152 1113 {3-
208 1020 333 1094 Quare
350 1018 448 1093 latus
467 1019 525 1091 Ae
541 1029 599 1091 est
621 1015 771 1108 {arcus
789 1014 863 1091 BC.

100 1132 319 1207 Notandum
330 1132 429 1230 qnod
441 1146 553 1206 rectae
565 1132 624 1218 Gi,
637 1129 716 1220 AG,
728 1130 786 1202 Ae
795 1130 992 1226 dupliciter
1002 1130 1099 1202 aesti-

51 1260 225 1320 mantnt:
248 1269 323 1319 uno
347 1246 457 1319 modo
483 1269 551 1343 per
575 1256 700 1341 partes
725 1267 833 1317 arcus
851 1241 926 1330 BC,
943 1241 1015 1315 alio
1033 1265 1100 1339 per

50 1374 178 1460 partes
195 1359 290 1433 radii
309 1358 387 1434 AO.

410 1670 661 1723 PROPOSITIO
683 1670 744 1723 IX.

103 1812 148 1887 Si
167 1836 193 1886 a
209 1819 353 1910 puncto
374 1834 400 1883 n
418 1810 580 1884 ducatur
603 1820 710 1884 recto
731 1835 793 1884 nm
805 1809 1008 1909 parallelo
1026 1811 1100 1896 CG,

51 1949 186 2002 secans
203 1923 269 1998 Ac
286 1922 324 1996 in
341 1947 401 1996 m:
428 1922 513 1996 dico
526 1932 669 2021 septem
686 1933 810 1998 rectas
828 1923 907 2012 AC,
919 1922 1008 2012 AY,
1022 1924 1100 2013 AZ,

54 2039 128 2129 Ah,
143 2039 215 2127 Ae,
226 2036 313 2124 Am,
327 2036 402 2123 Ak,
415 2060 497 2108 ease
509 2035 676 2109 continuo
681 2035 1000 2137 proportionales.

105 2154 204 2226 Cum
221 2149 320 2223 enim
338 2147 416 2238 AO,
429 2147 509 2237 AY,
522 2148 587 2221 ΑΖ
605 2149 680 2222 sint
699 2151 874 2223 continue
894 2150 1103 2246 proportio·

54 2266 169 2355 noles,
182 2287 251 2361 per
263 2262 594 2335 constructionem:
613 2275 872 2361 ostensumque
886 2265 935 2336 sit
946 2264 1021 2351 ΑΖ,
1034 2263 1102 2351 At,

55 2380 112 2454 Ae
143 2401 225 2452 esse
256 2377 432 2449 continue
464 2377 775 2473 proportionales:
809 2378 939 2475 positis
975 2378 1104 2450 ordine

56 2491 326 2591 quantitatibus
343 2489 420 2577 Ac,
434 2487 522 2578 AY,
538 2491 611 2579 AZ,
625 2491 695 2581 At,
707 2493 775 2581 Ae,
789 2490 884 2565 ratio
901 2490 966 2563 Ac
984 2491 1032 2563 ad
1050 2491 1105 2562 Ae

57 2605 129 2679 erit
157 2606 242 2701 (per
261 2602 365 2677 Eucl.
384 2603 458 2676 xiv.
477 2606 541 2696 28)
571 2604 760 2700 duplicata
786 2605 939 2679 rationis
956 2603 1032 2677 AY
1058 2605 1106 2677 ad

58 2720 134 2794 Ah.
179 2718 254 2794 Sed
271 2718 366 2791 ratio
380 2715 456 2790 AY
469 2717 517 2790 ad
529 2718 593 2790 ΑΖ
607 2718 865 2815 subduplicata
877 2729 935 2791 est
951 2719 1105 2791 rationis

59 2833 125 2910 Ac
142 2833 193 2908 ad
209 2832 287 2906 AZ.
323 2832 449 2906 Quare
462 2831 557 2904 ratio
572 2830 648 2903 AY
658 2831 706 2904 ad
720 2831 798 2920 ΑΖ,
809 2831 938 2904 eadem
952 2844 1008 2903 est
1021 2856 1106 2903 cum

58 2948 204 3022 ratione
222 2944 287 3017 ΑΖ
305 2944 354 3017 ad
371 2943 432 3016 Ala
448 2943 508 3016 vel
525 2942 586 3014 At
607 2942 656 3015 ad
673 2942 742 3015 Ae.
796 2944 893 3017 Sunt
918 2967 1007 3037 ergo
1026 2942 1105 3030 AG,

59 3059 149 3150 AY,
169 3058 248 3142 AZ,
259 3057 330 3147 Al,
343 3058 401 3130 Ae
418 3056 592 3130 continue
609 3056 914 3152 proportionales.
953 3056 1106 3139 Rursus,

57 3176 147 3273 quia
175 3171 255 3261 Ao,
286 3171 359 3260 ΑΙι,
387 3170 447 3244 At
476 3182 564 3243 sunt
593 3171 768 3243 continue
794 3168 1106 3266 proportionales:

61 3291 167 3382 (uam
181 3284 400 3382 Ahaequalis
417 3295 474 3357 est
487 3283 651 3357 dimidiae
662 3283 847 3379 diagonali
860 3281 944 3370 AG)
959 3311 967 3354 :
981 3283 1107 3370 etAZ,

59 3401 136 3491 At,
151 3400 210 3473 Ae
226 3410 314 3472 sunt
327 3410 486 3471 ostensae
503 3398 678 3471 continue
695 3397 1010 3493 proportionales:
1038 3396 1109 3468 erit

58 3528 102 3589 ut
122 3511 189 3587 Ao
204 3511 253 3584 ad
271 3510 349 3600 ΑΖ,
366 3513 421 3584 ita
436 3510 626 3606 reciproce
644 3510 702 3582 Ae
719 3508 768 3581 ad
785 3509 857 3582 Ale.

112 3627 213 3704 Quia
224 3625 383 3722 denique
397 3635 473 3698 tres
485 3636 600 3698 reotae
611 3621 681 3712 Ab,
696 3623 769 3712 An,
786 3623 938 3696 Alsum
951 3624 1111 3719 aequales

59 3742 182 3817 tribus
193 3736 281 3827 AY,
294 3736 371 3827 AZ,
386 3736 447 3810 ΑΙι
457 3738 631 3810 continue
641 3737 989 3832 proportionalibus
1000 3739 1112 3810 etiam

60 3858 153 3955 ipsae
173 3863 261 3927 sunt
278 3852 454 3924 continue
471 3850 778 3947 proportionales.

113 3968 213 4042 Sunt
238 3989 328 4060 ergo
354 3977 496 4060 septem
521 3975 631 4038 reotae
649 3962 727 4054 Ae,
747 3963 835 4054 AY,
854 3964 932 4054 AZ,
951 3964 1022 4051 At,
1043 3963 1112 4052 Ae,

61 4081 149 4170 Am,
163 4078 224 4153 At
241 4079 416 4152 continue
433 4077 738 4173 proportionales.

112 4191 322 4289 Propositio
333 4191 413 4265 haec
424 4191 503 4263 sine
515 4189 588 4262 alia
599 4188 913 4263 demonstratione
925 4189 1116 4284 perspicua

67 4320 125 4382 est
141 4306 189 4380 ab
207 4307 288 4401 ipso
306 4302 543 4401 diagramatis
569 4304 717 4377 intuitu.
770 4302 1000 4398 Impossibile
1018 4304 1116 4375 enim

63 4433 121 4496 est
137 4431 182 4494 ut
195 4429 338 4514 septem
357 4429 469 4491 rectae
487 4416 662 4489 continue
679 4415 973 4512 proportionales
987 4416 1059 4489 sint
1079 4418 1118 4488 in

66 4535 214 4610 ratione
233 4530 297 4607 CG
318 4531 368 4607 ad
391 4529 468 4622 QY,
488 4530 560 4604 nisi
586 4553 694 4605 arcus
718 4530 765 4604 ab
789 4528 1031 4603 antecedente
1055 4530 1119 4604 de-

915 4666 943 4716 u
959 4666 986 4716 ι(
1007 4663 1021 4705 ‘2
