2618 5092
197 603 272 683 472
610 616 836 672 numanus

19 814 172 875 utrumn
198 812 319 887 neque
342 787 642 887 propositionem,
663 812 784 887 neque
806 788 1114 887 consequentiam
1133 788 1235 865 ullam

19 886 155 921 ''⁸“
198 901 327 975 falsam
339 902 497 999 reperio,
506 915 747 1000 peccatorum
761 902 928 977 omnium
940 914 1079 977 contra
1090 903 1236 1002 logicuu

198 1014 460 1089 absolvendam
477 1038 623 1089 censeo.
674 1014 807 1113 Neque
834 1014 985 1091 illorum
1008 1016 1177 1115 regulam
1198 1016 1237 1093 il-

198 1128 274 1211 lanu
303 1140 492 1227 utcunque
525 1127 730 1226 speciosam
762 1128 896 1225 legisse
925 1152 989 1203 me
1023 1132 1177 1205 memini
1203 1132 1237 1207 in

199 1240 411 1331 Aristotele,
429 1266 548 1339 neque
564 1242 603 1316 in
620 1241 695 1316 alin
710 1242 891 1339 scriptore
907 1242 1047 1341 logico.

249 1353 469 1428 Exhibeuda
481 1354 571 1429 mibi
587 1354 770 1451 igiturest
781 1354 1055 1431 demonstratio
1071 1354 1239 1453 legitima,

199 1466 265 1540 ubi
298 1482 528 1564 assumptum
555 1466 707 1565 aliquod
733 1466 783 1543 ad
811 1470 1147 1559 constructionem,
1174 1493 1239 1543 nou

201 1594 325 1653 tamen
360 1580 558 1654 adhibetur
586 1580 635 1654 ad
668 1579 1038 1655 demonstrationem.
1092 1582 1240 1657 Demon-

201 1693 328 1767 strabo
343 1706 479 1782 sutem,
497 1694 633 1791 absqm
650 1694 864 1769 trisectione
887 1694 1031 1792 anguli,
1048 1696 1150 1771 inter
1170 1720 1240 1769 rec·

201 1817 278 1879 tam
295 1806 420 1881 datam
437 1817 475 1880 et
494 1806 609 1905 ipsius
632 1808 819 1883 semissem
835 1830 1009 1905 quaenam
1026 1808 1105 1884 sint
1122 1808 1241 1885 media

202 1919 286 1994 dnae
300 1919 606 2018 proportionales.

253 2032 337 2109 Sint
354 2032 453 2108 datae
472 2032 550 2130 (fig.
568 2032 621 2129 3.)
642 2033 725 2109 dnae
740 2046 854 2107 rectae
871 2032 958 2122 AD,
971 2033 1057 2125 DV,
1072 2032 1242 2111 facientes

202 2169 314 2220 unam
338 2158 479 2221 rectam
495 2146 575 2222 AV.
627 2147 686 2222 Sit
713 2158 839 2221 autem
855 2146 927 2222 DV
943 2148 1112 2223 semissis
1137 2148 1242 2247 ipsius

202 2260 272 2334 AD
287 2291 297 2345 ;
322 2262 461 2358 fiatque
478 2285 502 2334 a
518 2260 657 2359 majore
675 2262 744 2337 AD
756 2260 979 2357 quadratum
997 2262 1147 2338 ABCD.
1190 2262 1242 2336 ln·

203 2385 262 2446 ter
272 2373 340 2446 ΑΙ)
358 2386 397 2446 et
409 2372 478 2446 DV
494 2373 703 2447 inveniatur
720 2374 842 2448 media
856 2376 1150 2471 proportionalis
1167 2377 1240 2458 DE:

204 2486 263 2559 oui
282 2487 320 2559 in
338 2486 513 2559 lateribus
525 2487 599 2576 BC,
611 2487 680 2560 AD
694 2499 852 2583 ponatur
864 2487 1018 2583 aequalis
1032 2491 1102 2564 ΑΟ
1116 2502 1153 2563 et
1167 2490 1241 2571 BR;

200 2602 449 2696 jungaturque
467 2600 547 2688 RO,
565 2613 603 2674 et
620 2601 856 2697 producatur.

255 2713 408 2786 Secetur
423 2713 489 2786 DO
507 2712 675 2787 bifariam
694 2715 731 2787 in
752 2716 808 2788 K:
836 2726 966 2788 centro
984 2728 1113 2789 autem
1132 2718 1178 2805 K,
1193 2718 1241 2789 in·

203 2826 355 2899 tervallo
376 2827 456 2916 KV,
468 2826 697 2901 describatur
712 2827 871 2900 circulus
881 2828 1031 2917 VIMX,
1043 2853 1173 2903 secans
1186 2830 1242 2904 CD

203 2939 242 3013 in
260 2939 309 3027 X,
328 2938 397 3012 AD
415 2939 452 3012 in
471 2940 525 3029 M,
544 2952 580 3014 et
599 2941 666 3014 RO
685 2941 905 3037 productum
923 2941 961 3014 in
982 2943 1012 3015 1.
1067 2943 1242 3019 Quoniam

205 3077 294 3147 ergo
313 3053 392 3141 RO,
408 3054 474 3125 CD
489 3066 576 3127 sunt
592 3053 788 3150 parallelae,
807 3054 933 3148 anguli
952 3054 1130 3153 deinceps
1148 3056 1193 3130 ad
1215 3056 1243 3129 0

206 3178 243 3239 et
261 3167 295 3239 D
313 3179 400 3239 sunt
427 3167 543 3248 recti;
570 3178 608 3239 et
638 3166 721 3253 DK,
733 3167 802 3240 ΚΟ
820 3167 1006 3263 aequales;
1034 3182 1073 3242 et
1098 3169 1245 3267 proinde

207 3279 317 3350 etiam
336 3279 424 3366 OM,
439 3278 506 3351 DV
531 3279 702 3375 aeqnales.
752 3278 926 3375 AEquales
954 3280 1046 3353 item
1070 3295 1157 3356 sunt
1184 3282 1244 3368 ΙΚ,

209 3391 303 3474 ΚΧ;
330 3406 369 3464 et
403 3393 457 3465 IX
493 3393 673 3465 diameter
706 3391 834 3466 circuli
866 3392 1015 3482 VlMX,
1051 3396 1246 3493 eademqne

207 3504 358 3601 aequalis
376 3519 488 3579 rectae
506 3506 593 3578 MV.
645 3506 775 3602 ltaque
793 3506 914 3579 ductis
930 3509 1044 3583 rectis
1061 3510 1147 3599 VX,
1160 3510 1245 3597 XM,

208 3619 281 3705 Ml,
294 3619 357 3705 lV,
376 3621 446 3694 erit
472 3621 606 3693 VIMX
639 3621 919 3717 rectaugulum:
959 3633 997 3694 et
1032 3635 1112 3697 tres
1141 3638 1246 3697 rectae

209 3733 298 3819 DM,
319 3734 403 3819 DX,
425 3733 493 3806 DV
528 3734 702 3807 continue
736 3734 1045 3829 proportionales.
1118 3737 1247 3810 Divisis

208 3865 332 3921 autem
350 3846 441 3928 MX,
454 3846 504 3918 IV
518 3846 685 3919 bifariam
704 3845 741 3918 in
759 3846 787 3919 Z
805 3859 842 3919 et
860 3846 901 3928 L,
915 3845 1029 3919 ducta
1041 3849 1104 3923 ZL
1121 3850 1248 3923 transi-

208 3960 264 4032 bit
279 3983 345 4056 per
364 3960 420 4042 K;
447 3972 484 4032 et
502 3959 639 4032 secabit
665 3971 745 4032 tum
762 3958 842 4031 MX
861 3972 940 4031 tum
959 3959 1012 4032 lv
1029 3961 1081 4034 ad
1099 3964 1249 4061 angulos

208 4086 341 4147 rectos.

259 4188 302 4259 ln
318 4198 419 4259 recta
436 4187 488 4259 lK
508 4197 673 4259 sumatur
692 4186 739 4259 lP
755 4185 905 4282 aequalis
922 4184 1001 4258 DV.
1065 4189 1150 4264 Erit
1167 4214 1250 4286 ergo

209 4301 348 4396 reliqua
366 4300 430 4373 PX
449 4300 598 4397 aequalis
616 4299 705 4386 DM,
724 4311 764 4371 et
780 4299 844 4371 PK
861 4298 1012 4394 aqualis
1040 4300 1138 4375 DK:
1166 4304 1250 4377 item

210 4414 275 4487 LK
295 4414 431 4487 secabit
449 4413 623 4508 angulum
644 4412 744 4485 DKP
756 4412 935 4485 bifariam.
