2618 5092
415 614 750 670 uuounraauuu.
1033 602 1101 666 431

59 781 215 879 proinde
249 780 361 854 habet
397 780 656 877 quantitatem.
723 780 808 853 Jam
842 780 942 875 quod
977 781 1109 876 quaerit
1143 808 1151 848 ‹

60 895 221 983 Cluvius,
236 892 421 990 quomodo
434 893 563 989 positis
582 892 711 964 ordine
723 904 760 982 4,
775 903 810 982 4,
822 903 858 980 4,
871 893 966 966 ratio
980 895 1109 989 primae
1139 938 1151 981 1

59 1008 107 1082 ad
140 1007 291 1081 tertiam
323 1005 435 1102 dupla
465 1029 544 1078 esse
573 1016 694 1102 potest
723 1005 878 1078 rationis
904 1006 1033 1101 primae
1062 1006 1151 1111 ad}

60 1121 276 1209 secundam,
310 1120 408 1193 idem
444 1131 502 1192 est
529 1143 574 1192 ac
608 1119 639 1191 si
673 1118 889 1215 quaesiisset,
925 1120 1110 1214 quomodo
1149 1102 1151 1110 ⁴

58 1234 193 1333 positis
212 1234 330 1307 tribus
349 1233 449 1305 cifris
467 1240 504 1322 0,
523 1240 559 1320 0,
577 1240 613 1320 0,
632 1232 727 1305 ratio
749 1233 879 1327 primae
895 1232 943 1304 ad
961 1234 1111 1305 tertiam

58 1359 186 1446 potest
218 1370 298 1421 esse
330 1346 444 1442 dupla
469 1346 624 1419 rationis
653 1346 783 1441 primae
811 1345 860 1418 ad
889 1346 1110 1419 secundam:

60 1486 147 1536 cum
163 1484 295 1535 revera
311 1472 349 1534 et
364 1460 514 1556 proprie
540 1458 738 1555 loquendo,
761 1480 878 1532 unum
905 1459 998 1533 nihil
1025 1460 1113 1534 alte-

60 1574 139 1649 rins
152 1574 247 1647 nihil
264 1597 383 1671 neque
402 1573 554 1669 duplum
573 1596 692 1668 neque
710 1572 938 1669 duplicatum
956 1585 1023 1647 cst.

111 1688 255 1760 Rursus
273 1686 436 1775 Cluvius,
451 1685 498 1760 ad
515 1687 628 1759 finem
645 1686 762 1759 Elem.
780 1686 831 1771 ix,
847 1698 890 1758 ut
907 1688 1039 1781 probet
1057 1710 1111 1758 ra·

61 1801 203 1875 tionem
224 1798 451 1897 duplicatam
475 1822 552 1873 non
579 1821 658 1871 csse
680 1798 862 1872 rationem
880 1798 1041 1896 duplam,
1060 1801 1112 1872 sic

61 1914 211 1989 scribit:
238 1918 262 1953 “
278 1912 462 2009 imprimis
484 1912 601 2008 igitur
628 1912 934 2008 compositionem
954 1935 1113 2009 propor-

62 2027 244 2116 tionum,”
266 2026 470 2120 (vocabulis
494 2026 591 2099 enim
619 2025 716 2099 ratio
734 2037 772 2098 et
788 2026 981 2121 proportio
1006 2026 1113 2097 aliter

63 2165 176 2238 qnam
186 2139 356 2214 Euclides
370 2139 581 2237 promiscue
596 2137 744 2231 utitur),
761 2142 784 2175 “
797 2138 843 2210 de
856 2161 930 2234 qua
942 2136 1113 2210 Euclides

62 2254 141 2351 ugit
158 2251 241 2326 Des.
260 2261 316 2341 10,
334 2252 398 2324 lib.
417 2277 453 2339 v,
467 2261 554 2337 etc,
572 2263 610 2325 et
637 2252 677 2324 in
708 2249 1022 2347 propositionibus
1048 2249 1115 2323 du-

62 2366 252 2463 plicatam,
269 2365 506 2462 triplioatam,
523 2378 561 2439 et
579 2364 820 2460 compositam
837 2363 1114 2461 proportionem

65 2479 111 2553 de
142 2477 459 2575 magnitudinibus
484 2477 544 2552 vel
571 2477 735 2551 numeris
766 2476 1006 2567 demonstrat,
1031 2476 1114 2550 dico

63 2616 141 2667 non
159 2615 237 2666 esse
254 2614 340 2664 vere
358 2590 586 2665 additionem
603 2589 898 2686 proportionum,
916 2590 970 2665 itu
987 2603 1030 2665 ut
1048 2591 1115 2664 dn-

63 2704 203 2802 plicata
218 2703 278 2778 vel
302 2703 489 2800 triplicata
506 2704 698 2801 proportio
725 2704 775 2776 sit
791 2702 904 2801 duplo
921 2716 987 2778 ant
1004 2704 1115 2801 triplo

64 2819 245 2914 majorca
266 2817 507 2913 proportione
536 2818 640 2914 cujus
667 2816 731 2891 illa
757 2816 894 2891 dicitnr
917 2818 1114 2914 duplicata,

63 2932 319 3028 triplicatave;
345 2931 435 3004 item
448 2941 491 3003 ut
508 2931 699 3026 proportio
717 2953 763 3002 ex
780 2930 947 3027 pluribus
963 2954 1117 3026 propor-

65 3044 230 3119 tionibus
248 3042 453 3139 oompouita
479 3043 528 3115 sit
546 3066 632 3115 vere
651 3054 773 3116 totum
791 3045 992 3140 quippiam,
1011 3045 1116 3139 cnjus

65 3168 191 3256 partes
209 3167 296 3229 sunt
312 3155 572 3251 proportiones
590 3156 784 3252 exquibus
802 3156 938 3230 dicitnr
966 3180 1117 3252 compo-

66 3272 151 3345 sita.
204 3270 312 3358 Nam,
332 3280 404 3343 etc.
457 3268 496 3341 Si
521 3269 651 3364 positis
673 3269 731 3342 bis
756 3270 922 3343 terminis
940 3270 1116 3343 continue

65 3381 416 3480 proportionalibus,
452 3391 484 3455 1.
514 3390 676 3471 10.100,
706 3383 898 3478 proportio
931 3383 1016 3456 lad
1046 3391 1116 3456 100

66 3520 142 3571 non
161 3495 280 3570 solum
295 3493 483 3590 duplicato
495 3493 680 3568 diceretur
696 3495 946 3591 proportionis
962 3505 975 3569 l
994 3496 1043 3568 ad
1060 3504 1116 3586 10,

67 3609 134 3684 sed
161 3631 248 3681 vere
278 3619 374 3681 esset
400 3606 513 3703 duplo
541 3607 670 3701 major,
697 3619 781 3696 etc,
809 3608 890 3704 quis
915 3632 992 3682 non
1015 3609 1118 3683 videt

66 3734 213 3823 partem
230 3744 310 3794 esse
326 3721 503 3815 majorem
521 3730 602 3792 toto
614 3717 650 3790 ?”

117 3835 339 3933 Respondeo
355 3834 475 3931 primo
492 3857 567 3906 non
584 3831 703 3906 videri
724 3831 813 3905 mihi
840 3845 942 3906 recte
958 3834 1116 3925 illatum,

67 3974 115 4025 ex
130 3974 178 4024 eo
193 3947 295 4044 qnod
314 3958 343 4020 1.
362 3956 418 4021 10.
435 3955 504 4023 100
518 3956 605 4019 sunt
622 3946 796 4019 continue
809 3947 1116 4042 proportionales,

67 4075 170 4139 etex
188 4086 234 4137 eo
252 4061 352 4159 quod
368 4061 463 4134 ratio
486 4069 499 4133 1
522 4059 570 4132 ad
592 4068 636 4133 10
654 4060 772 4156 major
797 4059 846 4133 sit
865 4061 1008 4135 ratione
1032 4071 1044 4133 1
1069 4062 1117 4135 ad

73 4186 156 4265 100,
174 4186 318 4272 partem
336 4196 414 4247 esse
431 4175 609 4270 maj0rem
627 4185 718 4246 toto.

119 4288 305 4378 Secundo,
317 4288 349 4362 si
365 4287 480 4360 illatio
498 4285 664 4382 legitima
680 4287 740 4375 sit,
753 4308 904 4360 necesse
921 4295 987 4375 est,
1002 4309 1117 4381 quan-

71 4428 181 4504 quam
194 4400 355 4476 absurda
367 4400 428 4490 sit,
440 4399 488 4474 sit
501 4411 626 4473 tamen
638 4423 737 4473 vera.
766 4399 955 4496 Namipse
968 4397 1115 4473 Cluvius

70 4532 269 4615 utrumqne
285 4517 455 4605 affirmat,
476 4537 546 4588 nec
563 4514 754 4611 quisquam
775 4524 898 4609 negat,
916 4537 1060 4612 nempe,
1078 4525 1117 4588 et
