2640 5092
343 629 625 687 nonnum
642 627 838 685 PHYSICA·

64 808 139 884 nisi
161 803 366 905 peripsum
386 821 521 898 corpus

66 919 215 1019 argenti
230 918 305 994 rivi
322 938 444 991 aerem
462 935 522 986 ur·

66 1035 214 1136 gentis?
284 1031 390 1106 Siout
422 1024 522 1101 enim

68 1171 179 1225 omne
201 1167 314 1245 grave
342 1139 522 1238 liquidum

69 1264 127 1338 sui
154 1261 268 1360 ipsius
284 1255 447 1356 pondere
464 1275 523 1327 ae·

68 1402 148 1453 rem
167 1398 278 1474 quem
298 1367 523 1446 descenden-

70 1490 118 1565 do
151 1487 300 1586 premit,
325 1481 523 1558 ascendere

70 1603 174 1700 oogit
200 1599 245 1693 (si
267 1599 328 1672 via
350 1596 423 1670 alia
447 1617 524 1667 non

70 1715 193 1808 detur)
205 1735 272 1809 per
291 1733 398 1784 suum
411 1707 525 1805 ipsius

71 1849 236 1925 corpus:
278 1823 332 1897 ita
379 1842 525 1918 quoque

71 1964 197 2016 aerem
238 1961 348 2036 quam
389 1933 526 2033 premit

71 2051 319 2141 ascendendo,
330 2050 361 2124 si
378 2048 439 2123 via
455 2047 528 2121 alia

70 2191 147 2242 non
179 2166 300 2254 detur,
325 2186 393 2260 per
418 2183 528 2234 snum

70 2283 187 2379 ipsius
213 2300 346 2375 corpus
369 2275 528 2350 transire

72 2395 189 2492 cogit
208 2392 446 2467 Manifestum
460 2389 526 2486 igi·

72 2522 136 2582 tur
148 2503 413 2602 est(supposita
423 2526 527 2576 mun·

73 2621 114 2696 di
142 2616 387 2718 plenitudine)
420 2637 527 2712 posse

72 2761 199 2813 aerem
212 2746 404 2810 externum
421 2734 468 2807 ab
488 2733 568 2830 ipsa
584 2735 766 2830 grauitate
782 2738 927 2837 argenti
943 2738 1018 2812 vivi
1035 2738 1119 2836 cogi

73 2853 115 2926 in
140 2850 262 2924 locum
280 2848 382 2921 illum
395 2846 492 2920 inter
506 2846 536 2919 C
549 2858 588 2920 et
605 2846 652 2920 D.
703 2850 833 2947 Itaque
850 2852 1119 2949 phaenomenon

73 2959 639 3040 illudneeessitatemvacuinon
654 2961 895 3038 demonstrat.
933 2965 1120 3040 Quoniam

74 3090 202 3153 autem
220 3097 353 3172 corpus
375 3072 519 3168 argenti
535 3072 610 3145 vivi
630 3076 878 3169 penetrationi
902 3100 985 3173 quae
1006 3077 1049 3150 fit
1073 3077 1121 3150 ab

75 3214 162 3267 aere
180 3185 347 3263 nonnihil
371 3184 520 3274 resistit,
539 3195 577 3258 et
593 3187 800 3261 ascensioni
821 3187 967 3284 argenti
982 3188 1057 3261 vivi
1080 3189 1120 3263 in

75 3327 165 3380 vase
192 3304 228 3376 Α
253 3300 391 3375 resistit
417 3323 504 3373 aer:
532 3298 679 3395 quando
701 3300 773 3373 illae
799 3300 881 3375 duae
904 3301 1122 3375 resistentiae

75 3416 239 3516 aequales
256 3425 376 3504 erunt,
393 3423 483 3487 tuno
506 3412 544 3485 in
562 3413 653 3486 tubo
671 3413 821 3488 sistetur
837 3413 972 3488 alicubi
989 3438 1122 3512 argen-

76 3545 159 3607 tum
175 3530 311 3617 vivum,
329 3537 440 3623 atque
457 3526 510 3600 ibi
528 3539 585 3600 est
602 3526 648 3600 D.

129 3643 182 3719 A.
208 3642 249 3716 Si
270 3641 443 3739 phialam,
460 3639 594 3713 collum
620 3641 817 3714 habentem
840 3640 1121 3736 longiusculum,

78 3755 309 3850 eandemque
335 3753 437 3826 omni
466 3775 618 3849 corpore
645 3764 781 3849 praeter
810 3776 933 3825 aerem
956 3776 1122 3842 vacuam,

79 3895 143 3946 ore
167 3892 288 3965 sugas,
307 3867 555 3963 continuoque
582 3865 715 3963 phialae
732 3890 775 3939 os
792 3891 897 3963 aquae
914 3867 1123 3963 immergas,

79 3983 222 4058 ridebis
249 4004 381 4079 aquam
405 3979 644 4076 aliquousque
667 3978 864 4053 ascendere
888 3980 928 4052 in
950 3979 1123 4077 phialam.

82 4097 158 4174 Qui
187 4096 269 4170 fieri
297 4094 369 4168 hoo
396 4105 531 4190 potest,
558 4093 628 4165 nisi
659 4092 799 4166 factum
825 4093 873 4167 sit
895 4117 1052 4167 vacuum
1076 4092 1127 4164 ab

82 4210 276 4286 motione
306 4207 402 4282 aeris
431 4207 469 4280 in
500 4207 606 4303 cujus
635 4205 757 4280 locum
787 4206 905 4304 possit
933 4229 1029 4302 aqua
1062 4204 1126 4278 illa

82 4319 308 4400 ascendere?

133 4437 186 4511 B.
212 4434 399 4509 Concessa
415 4455 544 4520 vacuo,
556 4432 720 4529 oportuit
731 4432 899 4530 quaedam
916 4431 998 4505 loca
1009 4453 1130 4503 vacua

82 4549 194 4625 fuisse
212 4548 253 4623 in
269 4547 333 4623 illo
349 4571 434 4623 aere
451 4545 564 4621 etiam
581 4548 645 4643 qui
662 4558 742 4621 erat
758 4547 855 4622 intra
866 4545 1028 4644 phialam
1041 4555 1129 4619 ante
