2618 5092
355 665 635 718 raonnnmara
656 665 850 718 narsico.
1049 653 1120 718 355

73 833 204 930 ipsum,
224 833 290 930 qui
309 833 504 931 dissipatus
519 832 557 907 in
570 846 695 930 partes
709 833 984 922 minutissimas,
996 834 1121 908 viden·
1160 864 1254 905 cara

73 957 145 1034 tur,
162 959 321 1044 propter
347 947 592 1044 splendorem,
617 948 795 1043 majorem
824 947 958 1020 molem
985 947 1121 1021 habere
1135 934 1254 1036 Dm]

74 1083 183 1154 quarn
201 1083 329 1133 revera
348 1061 496 1134 habent.
530 1060 580 1134 Et
597 1060 645 1133 ad
662 1084 871 1134 mensuram
889 1084 962 1157 qua
979 1084 1123 1157 semper
1134 1058 1254 1115 ¹’⁰¹¹‘¹⁵⁰'¹¹“

72 1173 189 1269 magis
221 1172 458 1268 dissipantur,
486 1173 569 1269 plus
597 1174 692 1246 aeris
718 1198 785 1269 per
807 1174 968 1271 pulveris
996 1191 1122 1269 partes

73 1283 267 1382 dissipatas
286 1286 572 1382 subingreditur.
624 1287 747 1359 Etiam
763 1311 830 1384 per
846 1287 1012 1360 foramen
1031 1287 1122 1360 illud

71 1399 247 1495 exiguum
278 1398 379 1472 unde
407 1399 526 1496 pulvis
553 1399 779 1490 accenditur,
807 1400 1015 1496 ingreditur
1045 1424 1120 1473 aer.

74 1511 146 1586 Qui
165 1511 241 1585 duo
258 1524 383 1585 motus
407 1536 491 1585 cum
515 1511 652 1585 sintin
679 1535 763 1585 aere
792 1513 981 1601 contrarii,
999 1525 1120 1586 motus

74 1646 114 1696 ex
132 1623 206 1698 illis
225 1625 452 1721 compositus
469 1626 590 1698 minor
607 1626 679 1699 erit
696 1650 805 1723 quam
829 1639 872 1699 ut
895 1638 1120 1701 tormentum

73 1737 213 1832 possint
230 1738 420 1835 repellere.

120 1849 170 1923 Α.
198 1851 336 1924 Audivi
349 1864 555 1926 asserentes
569 1852 784 1948 sclopetum,
796 1851 913 1948 magis
927 1852 985 1924 vel
999 1853 1120 1927 minus

68 1960 169 2054 josto
186 1976 393 2054 oneratum,
407 1964 520 2061 pilam
538 1986 683 2060 semper
700 1963 753 2036 ita
766 1963 898 2059 ejicere
913 1975 954 2035 ut
972 1963 1116 2060 signum

72 2096 257 2171 nunquam
276 2076 397 2166 feriat,
415 2077 481 2151 sed
493 2100 638 2174 semper
651 2100 673 2149 a
685 2076 781 2172 signi
799 2075 914 2149 latere
925 2076 1117 2150 aberraret

72 2186 134 2260 sed
165 2200 362 2262 oneratum
392 2202 495 2264 certa
522 2189 681 2287 quadam
709 2188 870 2286 pulveris
897 2190 1116 2284 quantitate,

70 2322 257 2398 nunquam
276 2324 410 2375 errare.

117 2414 169 2488 B.
197 2415 393 2490 Quomodo
421 2415 460 2487 id
487 2415 540 2489 ita
566 2439 647 2491 esse
677 2417 805 2512 possit,
834 2439 908 2488 non
938 2416 1116 2512 intelligo.

70 2525 230 2602 Quando
258 2529 356 2602 enim
383 2551 466 2626 quae
492 2528 530 2600 in
560 2552 672 2602 causa
699 2539 786 2602 sunt
813 2528 938 2602 omnia
963 2531 1119 2626 aequalia

67 2652 166 2729 runt,
183 2641 337 2715 effectus
360 2641 558 2737 inaequales
575 2665 654 2716 esse
678 2666 755 2715 non
777 2652 945 2740 possunt.
999 2642 1117 2716 Simul

66 2760 178 2848 atque
194 2751 315 2849 pulvis
337 2753 505 2850 ignescit,
524 2765 563 2827 et
586 2764 785 2848 antequam
810 2754 885 2851 pila
910 2755 1030 2850 ejecta
1056 2755 1116 2844 sit,

65 2864 252 2962 sclopetus
269 2888 458 2939 recurrere
475 2865 616 2963 incipit.
669 2865 791 2940 Causa
808 2889 896 2962 ergo
911 2890 990 2941 esse
1005 2868 1116 2941 debet

65 2976 104 3050 in
120 3001 235 3052 manu
260 2977 357 3052 illius
374 2977 437 3076 qui
462 2977 668 3074 sclopetum
692 2987 806 3067 tenet,
823 2978 882 3051 vel
902 2978 951 3072 (si
971 2981 1018 3053 sit
1037 2992 1114 3053 tor-

64 3101 229 3166 mentum
247 3091 436 3186 bellicum)
457 3092 496 3165 in
518 3103 620 3166 terra
642 3091 703 3164 cui
726 3091 865 3166 insistit
886 3105 1039 3190 propter
1060 3093 1114 3166 in-

64 3202 303 3278 clinationem
326 3206 385 3278 vel
408 3205 632 3279 scabritiem.
685 3203 842 3278 Causam
866 3206 976 3279 aliam
1004 3207 1112 3302 hujus

63 3331 218 3391 eventus
238 3318 432 3415 imaginari
448 3341 524 3392 non
541 3341 705 3416 possum.

110 3431 162 3504 A.
192 3430 300 3505 Unde
318 3432 435 3505 oritur
451 3430 650 3505 refractio?

112 3543 164 3618 B.
192 3542 354 3619 Quando
373 3545 470 3618 actio
486 3544 530 3617 fit
547 3544 586 3616 in
604 3554 707 3616 recta
722 3542 771 3616 ad
788 3543 1020 3639 superficiem
1034 3568 1111 3618 cor-

61 3657 162 3754 poris
185 3658 304 3755 pressi
326 3657 387 3731 vel
411 3658 577 3755 percussi
606 3656 915 3753 perpendiculari,
938 3647 1134 3731 relraotio

60 3769 212 3844 omnino
224 3769 326 3843 nulla
338 3770 419 3843 erit.
445 3769 716 3866 Propagabitur
733 3768 832 3841 enim
850 3769 947 3843 actio
964 3769 1003 3842 in
1015 3771 1112 3845 linea

60 3882 368 3980 perpendiculari.
380 3882 518 3956 Verum
528 3883 559 3956 si
570 3882 777 3980 pressiovel
788 3883 977 3979 percussio
988 3883 1036 3956 sit
1047 3885 1111 3956 ob-

59 3993 170 4091 liqna,
182 3994 405 4091 refringatur
417 3996 516 4069 actio
531 3996 569 4068 in
586 4018 668 4068 eam
685 4005 830 4092 partem
844 4018 955 4092 quam
972 4008 1109 4069 natura

59 4108 237 4206 corporis,
254 4132 322 4205 per
338 4108 439 4205 quod
462 4109 559 4182 actio
575 4118 814 4205 propagatur,
833 4107 1107 4182 determinabit.

107 4233 158 4309 A.
185 4233 384 4310 Quomodo
401 4233 616 4330 refringitur
633 4231 784 4306 lumen?

107 4346 155 4418 B.
183 4347 224 4421 Si
240 4347 337 4421 actio
354 4349 533 4444 procedat
552 4371 619 4443 per
645 4370 779 4443 corpus
797 4345 898 4442 quod
918 4345 1051 4432 minuS,
1069 4345 1108 4418 in

59 4484 191 4557 corpus
209 4459 308 4557 quod
325 4460 443 4556 magis
460 4461 611 4549 resistit,
630 4459 735 4534 etad
756 4471 937 4558 punctum
959 4460 1109 4553 superfi-

59 4574 125 4647 ciei
142 4574 181 4648 iu
194 4597 304 4669 quam
323 4573 455 4647 incidit
473 4586 612 4648 rectam
626 4575 739 4648 ducas
752 4571 1110 4672 perpendicularem,

910 4712 936 4760 A
950 4712 975 4762 A
997 4713 1012 4756 a
