2618 5092
280 658 598 710 unrnnuarrcm
619 660 864 713 nonrnarrn.
1022 652 1096 716 213

50 836 90 897 et
104 848 222 899 ouum
236 826 428 922 quodlibet
442 849 569 898 eorum
582 825 724 922 aequale
741 838 883 923 quartae
897 828 994 924 parti
1012 832 1097 902 coni
1132 866 1271 907 unroco

52 937 215 1035 ejusdem
233 939 438 1012 altitudinis
456 954 494 1012 et
511 939 607 1011 basis
624 964 708 1012 cum
726 940 893 1036 cylindro
910 940 1095 1040 descripto
1137 948 1271 1051 J-

50 1051 302 1148 arectangulo
320 1051 405 1124 DG.
456 1052 523 1123 Est
541 1052 639 1123 euim
658 1076 784 1140 conus,
802 1053 840 1125 id
853 1065 920 1143 est,
938 1054 1096 1128 solidum

49 1163 277 1262 descriptum
304 1188 327 1236 a
353 1165 539 1260 triangulo
565 1164 756 1239 rectilineo
782 1165 889 1238 DGF
917 1190 1095 1242 converso

49 1301 158 1375 super
175 1291 320 1352 rectum
337 1278 418 1366 DF,
440 1278 552 1350 tertia
574 1301 660 1373 pars
683 1278 839 1375 cylindri
870 1279 1046 1376 descripti
1073 1307 1097 1354 a

48 1392 270 1465 resolutioni
281 1391 486 1487 rectanguli
499 1391 571 1464 DG
583 1415 692 1487 super
703 1393 858 1465 eandem
868 1407 1009 1466 rectam
1020 1394 1094 1468 DF.

98 1504 269 1578 Consect.
286 1504 324 1576 ii.
351 1503 591 1576 Manifestum
606 1504 693 1576 hinc
708 1517 765 1578 est
777 1507 905 1579 eadem
918 1506 1094 1580 methodo

48 1617 293 1691 demonstrari
325 1640 443 1712 posse,
478 1627 624 1713 sumpta
655 1618 783 1714 quavis
819 1619 892 1692 alia
920 1619 1095 1715 parallelo

48 1731 263 1819 altitudinis,
281 1742 325 1803 ut
342 1732 374 1803 A
371 1730 416 1827 f,
442 1731 640 1803 terminata
661 1755 706 1803 ex
729 1755 803 1804 uua
819 1743 924 1829 parte
949 1732 988 1804 in
1016 1732 1094 1805 dia·

47 1857 163 1918 metro
182 1844 269 1931 DB,
287 1867 333 1915 ex
350 1843 468 1915 altera
479 1855 586 1938 parte
604 1845 642 1914 in
657 1844 835 1939 cycloide,
849 1860 887 1917 et
905 1845 1092 1942 ductafvr

46 1957 397 2054 perpendiculariter
419 1956 466 2029 ad
493 1957 574 2046 BG,
602 1956 701 2053 quod
728 1957 885 2030 solidum
904 1958 1044 2031 factum
1069 1985 1092 2032 a

47 2072 284 2146 conversione
305 2070 406 2167 plani
432 2070 643 2166 cycloidalis
662 2071 732 2143 Bm
730 2071 771 2167 s
775 2073 808 2143 A
830 2071 929 2144 circa
953 2084 1090 2144 rectam

46 2185 114 2281 As
131 2208 201 2281 per
224 2184 469 2281 quadrantem
498 2183 638 2272 circuli,
666 2185 807 2280 aequale
837 2207 916 2257 esse
947 2184 1090 2258 duabus

46 2299 164 2371 tertiis
194 2298 304 2371 solidi
333 2297 422 2370 facti
452 2296 584 2369 eodem
612 2311 778 2394 tempore
800 2322 824 2370 a
850 2298 1089 2372 conversione

46 2411 251 2507 rectanguli
268 2413 333 2484 Απ
351 2433 462 2507 supra
480 2410 634 2483 eandem
653 2412 685 2483 A
682 2410 726 2507 f.

379 2633 629 2685 Paoposlrlo
648 2633 757 2685 xvn.

90 2751 270 2824 Centrum
289 2748 479 2845 gravitatis
501 2749 720 2822 semicirculi
744 2749 922 2846 genitoris
941 2749 1088 2824 ABCD

43 2865 93 2938 ita
105 2864 241 2938 dividit
255 2863 398 2936 radium
412 2863 482 2935 AC
495 2863 534 2935 in
552 2863 597 2949 O,
615 2875 658 2936 ut
674 2887 760 2960 pars
773 2863 845 2937 ΑΟ
860 2864 908 2937 sit
924 2860 965 2956 ‘1⁸5
979 2888 1087 2938 arcus

90 3092 130 3165 Si
156 3091 224 3163 fiat
253 3101 296 3162 ut
323 3089 435 3163 tertia
463 3113 549 3187 pars
578 3112 686 3162 arcus
713 3088 820 3162 BOD
853 3088 901 3161 ad
936 3089 1085 3161 tertiam

41 3218 181 3300 partem
218 3203 415 3293 subtensae,
442 3203 482 3276 id
509 3215 576 3292 est,
611 3203 782 3276 diametri
811 3203 896 3292 BD,
922 3203 976 3275 ita
1001 3203 1084 3276 duae

41 3319 158 3392 tertiae
175 3315 271 3390 radii
288 3315 372 3402 ΑΒ,
395 3317 434 3390 id
463 3329 531 3406 est,
560 3340 636 3388 una
664 3317 776 3389 tertia
803 3315 973 3389 diametri
1001 3317 1084 3406 BD,

41 3430 85 3505 ad
101 3441 287 3528 quartam,
304 3430 374 3501 erit
391 3429 570 3501 terminus
588 3428 685 3501 illius
708 3440 850 3524 quartae
867 3439 1021 3524 sumptae
1039 3431 1085 3502 ab

41 3546 218 3618 Aversus
237 3542 268 3615 C
285 3554 453 3614 centrum
483 3542 674 3638 gravitatis
702 3542 921 3615 semicirculi
937 3542 1085 3615 ABCD

42 3657 118 3752 (lib.
136 3658 163 3746 i,
184 3679 266 3751 cap.
283 3655 333 3744 ix,
351 3678 456 3751 prop.
474 3656 499 3742 i,
521 3654 680 3727 Goldini
710 3655 756 3728 de
785 3654 920 3728 Centro
951 3655 1086 3728 Gravi-

41 3771 162 3866 tatis).
218 3769 275 3843 Sit
291 3770 470 3842 terminus
486 3769 547 3842 ille
565 3769 610 3842 Ο.

85 3885 155 3958 Est
168 3906 260 3979 ergo
272 3883 383 3956 tertia
399 3905 483 3978 pars
502 3881 672 3954 diametri
692 3881 762 3955 BD
783 3882 906 3955 media
928 3906 1084 3980 propor-

42 3997 185 4072 tionalis
202 3997 301 4069 inter
326 3995 474 4069 tertiam
496 4007 639 4092 partem
668 4019 776 4068 arcus
805 3996 913 4069 BCD
940 4006 978 4069 et
997 3998 1082 4072 AO.

45 4110 226 4186 Quoniam
240 4132 329 4205 ergo
343 4108 522 4181 diameter
538 4109 620 4203 (per
633 4109 802 4204 superius
815 4109 1081 4203 demonstrata)

44 4235 93 4298 est
108 4223 235 4297 media
251 4221 535 4318 proportionalis
553 4222 652 4295 inter
668 4245 797 4295 arcum
810 4222 920 4295 BCD
938 4234 975 4295 et
993 4223 1084 4296 duas

46 4338 185 4432 quintas
201 4359 309 4409 arcus
327 4335 503 4431 ejusdem,
529 4335 641 4408 etiam
668 4335 779 4409 tertia
805 4359 890 4432 pars
914 4335 1084 4410 diametri

46 4450 109 4523 erit
145 4448 272 4524 media
301 4447 585 4544 proportionalis
619 4447 718 4522 inter
758 4448 907 4523 tertiam
940 4461 1083 4545 partem

48 4583 144 4639 arcos
161 4562 271 4638 BCD
290 4576 328 4635 et
344 4560 493 4636 tertiam
510 4571 654 4656 partem
677 4561 833 4634 duarum
859 4560 1082 4656 quintarum,
