2618 5092
217 662 290 729 414
360 674 416 729 nn
434 672 669 729 rumetrns
689 672 742 729 1⁴1·
757 670 1135 729 munemundus

37 868 184 911 osam.
215 853 399 940 punctum
417 844 453 917 Α
476 842 527 916 sit
551 842 734 917 terminus
761 840 1033 917 semidiametri
1051 840 1138 935 DA,
1152 866 1177 917 u
1194 866 1257 943 qm

20 940 174 1057 ff
217 956 439 1031 describitur
467 955 767 1032 circumferentia
798 954 921 1046 Auo,
948 978 1107 1031 neeesse
1138 966 1194 1031 est
1222 968 1258 1033 ut

20 1064 169 1180 3⁸5¹ss
218 1082 398 1167 puuctum
410 1070 446 1143 A
457 1069 506 1143 sit
521 1070 562 1144 in
578 1058 660 1168 ipsa
674 1056 985 1144 circumferentia.
1031 1068 1166 1143 lntulit
1179 1092 1256 1167 ergo

217 1182 315 1256 hanc
332 1182 606 1257 conclusionem
618 1192 751 1257 1111111
764 1182 883 1281 ipsum
894 1180 1066 1257 Euclidis
1082 1194 1257 1257 1111111111-

218 1296 371 1385 tionem,
392 1296 457 1392 qui
478 1295 654 1394 supponit
676 1292 1024 1395 perpendicularem
1038 1294 1104 1371 lm
1119 1294 1205 1371 duci
1217 1294 1256 1369 ab

217 1421 386 1482 extremo
414 1420 555 1504 puncto
584 1408 770 1484 diametri.
820 1406 877 1483 At
891 1430 1074 1483 cousus·
1088 1418 1256 1506 punctum

216 1522 252 1595 A
267 1543 344 1596 non
361 1544 442 1595 esse
458 1521 496 1594 iu
513 1521 824 1611 circumferentia,
841 1520 909 1595 sed
924 1520 1256 1619 perpendicularen

217 1634 277 1707 FE
294 1632 527 1707 solummodo
543 1632 675 1709 radere
690 1634 768 1709 sive
786 1644 943 1731 tangere
958 1635 1143 1709 circulum
1158 1634 1198 1709 iu
1212 1636 1256 1707 A:

216 1746 289 1821 erit
317 1760 444 1822 tamen
470 1760 651 1845 punctum
676 1751 713 1824 Α
733 1760 841 1824 extra
865 1748 1051 1823 circulum
1081 1764 1122 1823 et
1149 1750 1196 1823 ab
1218 1770 1256 1822 eo

215 1859 432 1957 separabile,
449 1884 552 1935 more
581 1862 855 1959 contiguorum.
906 1862 1042 1959 ltaque
1065 1860 1180 1937 dueta
1199 1884 1257 1959 per

215 1973 415 2048 terminum
428 1974 600 2049 diumetri
615 1986 720 2049 recta
731 1974 892 2072 quadam
907 1974 1090 2073 parellelu
1100 1973 1174 2073 ipsi
1187 1986 1257 2049 tan·

215 2086 320 2184 genti
337 2087 408 2176 FE,
426 2086 490 2161 illa
506 2086 615 2161 cadet
630 2088 729 2162 iuter
744 2099 886 2162 rectam
898 2088 967 2162 All
984 2100 1025 2164 et
1041 2112 1173 2163 areum
1187 2086 1255 2177 AB,

217 2213 348 2275 contra
361 2202 714 2276 demonstrationem
731 2202 840 2298 hujus
852 2202 971 2300 pertis
987 2202 1135 2299 primae.
1184 2202 1256 2276 Per·

216 2316 465 2413 pendicularis
491 2316 590 2389 enim
619 2316 731 2389 ducta
756 2339 825 2412 per
858 2315 1064 2390 terminum
1097 2314 1256 2390 diametri

219 2454 294 2502 non
322 2430 394 2503 erit
420 2432 500 2526 ipsa
525 2441 681 2525 tangens
698 2431 775 2519 ΑΕ,
800 2429 865 2503 sed
892 2430 967 2526 ipsi
992 2431 1181 2528 parallelo,
1197 2452 1256 2502 nee

219 2543 358 2615 secabit
374 2543 565 2633 circulum,
579 2542 644 2615 sed
658 2543 808 2616 habebit
824 2555 1007 2639 punctum
1024 2568 1113 2618 cum
1130 2543 1257 2618 circulo

218 2678 424 2745 commune,
441 2679 574 2751 nempe
591 2655 705 2752 ipsius
722 2656 892 2730 diametri
910 2658 1128 2730 terminum.

268 2768 412 2841 Deinde
429 2769 602 2864 quoniam
629 2769 819 2867 utriusque
842 2770 1069 2844 semicirculi
1090 2782 1178 2844 suut
1193 2769 1258 2843 duo

217 2881 379 2971 termini,
396 2894 506 2955 eruut
523 2883 561 2955 in
578 2882 722 2955 duobus
739 2882 980 2956 semicirculis
997 2884 1196 2981 contiguis,
1216 2881 1258 2955 ad

218 2993 416 3069 terminum
444 2995 626 3081 diametri,
644 2995 718 3068 duo
735 3006 886 3092 puncta.
939 2995 1046 3069 Nihil
1071 3020 1162 3094 ergo
1181 3020 1257 3093 pro·

218 3108 332 3195 hibet,
352 3108 526 3204 quicquid
545 3108 592 3181 sit
609 3119 802 3206 punctum,
820 3108 911 3205 quin
929 3109 1078 3183 duobus
1101 3110 1259 3184 terminis

218 3245 286 3318 pro
315 3246 391 3295 uuo
421 3224 588 3318 sumptis,
607 3221 787 3296 diameter
813 3245 999 3295 unacum
1020 3222 1261 3297 minutissima

218 3347 324 3431 parte
341 3359 448 3408 arcus
468 3336 570 3427 (cum
592 3335 787 3432 plusquam
810 3348 993 3432 punctum
1009 3335 1104 3410 illud
1120 3359 1261 3433 geome-

217 3461 371 3536 trarum,
389 3448 480 3521 nihil
497 3473 693 3522 commuue
718 3449 766 3523 sit
784 3459 896 3523 rectae
912 3449 1211 3546 perpendiculari
1225 3460 1261 3521 et

216 3562 334 3652 arcui)
355 3562 481 3635 haberi
498 3562 640 3658 possint
661 3586 731 3658 pro
753 3562 859 3635 lineis
876 3586 961 3659 quae
978 3562 1126 3637 iaciunt
1152 3586 1261 3659 angu-

216 3674 292 3746 lum
310 3686 464 3748 rectum.
517 3675 614 3748 Nam
631 3698 741 3748 crura
763 3674 984 3770 angulorum
1002 3676 1050 3750 de
1066 3677 1195 3774 anguli
1209 3700 1261 3750 es-

217 3787 337 3860 sentie
353 3788 504 3861 omniuo
523 3812 597 3861 non
615 3798 725 3861 suut:
753 3801 792 3861 et
808 3787 861 3861 sic
877 3786 1013 3861 falsum
1031 3812 1181 3886 quoque
1196 3789 1263 3862 erit

217 3900 317 3995 quod
333 3900 372 3972 iu
391 3901 501 3974 tertia
520 3911 625 3996 parte
652 3900 979 3974 demonstrationis
1005 3903 1129 3999 ponit,
1155 3926 1262 3999 angu-

215 4014 290 4087 lum
322 4038 432 4110 quem
457 4014 547 4088 facit
567 4013 880 4110 perpendicularis
907 4037 993 4086 cum
1014 4038 1121 4107 arcu,
1139 4016 1263 4113 quovis

214 4128 351 4225 ungulo
368 4139 479 4201 acuto
497 4127 690 4200 rectilineo
708 4149 788 4200 esse
805 4126 1000 4200 minorem.

265 4242 379 4318 Porro
397 4240 436 4313 iu
454 4239 616 4313 secunda
632 4252 671 4312 et
687 4239 798 4313 tertie
813 4250 920 4336 purte
937 4239 1261 4316 demonstrationis

214 4355 267 4429 sic
285 4354 399 4427 dicit:
433 4352 612 4439 Quoniam
629 4361 812 4425 ostensum
827 4361 884 4424 ert
901 4375 1042 4426 omnem
1059 4366 1207 4430 rectam
1219 4380 1262 4428 eu

214 4469 260 4555 A,
279 4467 427 4541 ductam
453 4466 559 4564 irffra
581 4463 936 4563 perpendictdorem
953 4466 1033 4555 ΑΕ,
1053 4469 1195 4544 cudere
1211 4469 1260 4541 ia·

214 4590 278 4653 tra
295 4580 486 4671 circulum,
501 4580 633 4678 faciet
659 4577 870 4653 necessario
896 4603 943 4651 ea
972 4578 1078 4656 liaeo
1093 4579 1259 4669 11111Αο,
