2618 5092
294 643 617 695 marnnuamcu
638 642 882 695 naumann.
1042 629 1109 694 129

61 821 109 882 est
123 809 250 904 pretii,
271 833 403 906 neque
426 811 458 882 is
481 811 542 906 qui
570 810 673 883 illum
697 811 852 906 scripsit.
908 810 1112 905 Scripserat
1148 833 1297 875 unrocus

64 923 299 1019 Oughtredus
320 923 453 1019 Capite
470 936 575 997 sexto
597 922 724 995 Claois
737 921 1025 1014 Martemque,
1043 925 1111 997 sub
1152 915 1296 1018 „IL

65 1036 212 1126 initium,
233 1035 342 1132 quod
362 1036 531 1131 quotiens
549 1036 716 1108 divisoris
734 1037 781 1109 ad
800 1036 1037 1109 dividendum
1056 1062 1113 1110 ra-

65 1148 192 1222 tionem
223 1149 392 1222 iudicat.
443 1149 579 1221 Verum
600 1148 639 1221 in
657 1149 818 1221 editione
836 1149 993 1243 Anglica
1010 1150 1113 1222 inve-

67 1263 120 1335 nio
135 1286 180 1335 eo
198 1262 301 1351 loco,
321 1261 548 1358 quotientem
568 1286 651 1334 esse
667 1262 847 1335 rationem
864 1263 964 1335 illam
983 1264 1111 1358 ipsam.

69 1376 165 1449 Forte
183 1400 277 1472 ergo
296 1376 393 1449 liber
411 1376 470 1449 ille
483 1375 662 1473 Anglicus
680 1400 725 1448 ex
738 1377 908 1449 versione
925 1391 982 1450 est
999 1377 1113 1473 ipsius

69 1488 225 1562 Wallisii.

116 1601 161 1674 B.
188 1601 344 1690 Nescio,
359 1600 423 1674 sed
440 1626 569 1699 parum
587 1603 721 1686 refert;
740 1627 816 1676 non
834 1604 932 1676 enim
950 1603 1113 1676 creditur

73 1713 324 1810 Oughtrednm
342 1716 395 1788 sic
412 1716 506 1788 verti
524 1716 692 1790 voluisse.

116 1828 162 1901 Α.
188 1828 378 1923 Pergens:
418 1827 749 1927 Comparationem,
784 1855 864 1927 quoe
898 1839 955 1903 est
988 1831 1115 1927 quoad

76 1939 332 2034 differentiam,
351 1941 405 2014 ad
430 1942 676 2040 quantitatem
687 1970 701 2025 ;
726 1954 768 2014 ut
797 1969 878 2041 qua
903 1944 1028 2041 quoad
1050 1970 1112 2015 ra·

78 2053 208 2143 tionem,
219 2054 277 2127 ad
284 2053 505 2151 qualitatem
518 2056 753 2153 rqserendam
763 2080 856 2146 esse,
867 2058 930 2130 ait.
958 2057 1112 2152 Nempe,

79 2161 164 2238 illam
179 2165 228 2239 ad
245 2165 574 2263 praedicamentum
591 2168 825 2265 quantitatis,
844 2169 939 2241 hanc
957 2170 1005 2240 ad
1022 2193 1114 2264 prac-

82 2276 317 2352 [linamentum
352 2277 558 2376 qualitatis.
623 2280 698 2353 Sed
733 2283 871 2376 quare?
935 2281 1033 2355 Quia
1067 2284 1112 2354 ab

83 2386 219 2464 Euclide
231 2391 408 2465 definitur
418 2409 483 2466 ποιὰ
497 2409 602 2484 σχέσις.
641 2394 698 2466 En
710 2394 769 2465 hle
783 2406 1016 2484 uarrpyoprpuriau
1030 2420 1113 2489 pl'0·

84 2501 243 2579 lassorum
277 2505 583 2580 academicorum.
637 2506 738 2582 Quid
773 2518 897 2579 autem
929 2508 1114 2603 significat

84 2630 263 2710 ῐαὰσχέσιςῖ

124 2737 166 2810 Β.
190 2736 464 2811 Habitudiuem
475 2736 745 2834 qualitativam,
755 2750 798 2810 ut
808 2738 869 2810 ille
883 2763 980 2810 nunc
991 2741 1113 2812 vertit.

89 2845 145 2922 Sed
159 2851 279 2924 fateor
296 2874 357 2923 me
382 2873 456 2923 non
480 2851 685 2946 intelligere
703 2874 821 2946 neque
840 2850 929 2947 quid
947 2854 994 2924 sit
1012 2853 1116 2925 habi·

89 2964 167 3054 tudo,
182 2989 304 3062 neque
318 2964 408 3061 quid
426 2964 474 3037 sit
492 2964 724 3061 qualitativa.
769 2965 880 3037 Dices
898 2965 1054 3037 fortasse
1073 2978 1114 3038 tn

87 3073 233 3152 hocloco
250 3077 417 3152 tnssiisse
434 3076 547 3150 etiam
562 3077 763 3151 Euclidem.

125 3191 166 3265 A.
195 3193 412 3288 Sequuntur
436 3190 608 3287 deinceps
640 3189 723 3263 duae
749 3189 895 3285 paginae
919 3190 957 3260 in
982 3190 1114 3283 quibus

88 3298 332 3402 interpretatur
360 3300 449 3397 quid
476 3301 550 3375 sint
580 3301 805 3400 progressio
825 3302 1059 3398 geometrica
1076 3315 1115 3376 et

44 3416 289 3515 §progressio
323 3413 573 3503 arithmetica,
601 3414 772 3486 contiuua
803 3424 841 3486 et
876 3416 1089 3513 interrupta
1101 3445 1115 3500 ;

87 3527 135 3602 rbi
154 3554 228 3604 non
250 3539 330 3602 tam
360 3527 464 3599 deest
481 3527 628 3615 veritas,
648 3551 757 3621 quam
784 3526 974 3600 abundant
991 3530 1114 3602 verba.

87 3638 186 3738 Caput
202 3641 420 3717 vicesimum
437 3652 592 3727 sextum,
622 3641 787 3712 continet
804 3640 1007 3714 solutiones
1025 3666 1114 3737 qua-

86 3756 222 3830 rundam
250 3753 496 3851 quaestionum
531 3752 693 3825 facilium
724 3777 791 3849 per
820 3755 1115 3848 progressionem

86 3867 350 3955 arithmeticam,
364 3865 443 3938 sine
461 3864 848 3954 demonstrationibus
863 3879 905 3937 ut
923 3867 1021 3963 apud
1039 3869 1116 3940 vul-

85 4004 139 4074 gua
149 3982 466 4057 arithmeticorum
483 3980 742 4074 practicarum.
770 3979 890 4074 Caput
902 3981 1117 4053 vicesimum

87 4097 263 4191 septimum
292 4093 421 4167 eedem
439 4105 478 4165 et
495 4091 673 4164 nonnulla
698 4092 771 4163 alia
788 4091 953 4187 ejusdem
971 4094 1117 4188 generis

85 4227 139 4299 per
152 4207 317 4306 symbola
334 4206 574 4293 demonstrat,
592 4205 713 4277 minus
730 4205 933 4301 perspicue,
951 4230 1018 4277 nec
1036 4207 1117 4276 bre·

87 4319 150 4395 vius
182 4345 291 4419 qnam
326 4319 469 4415 possint
510 4317 754 4390 demonstrari
795 4317 962 4390 oratione
997 4317 1116 4412 plena.

87 4428 237 4532 Denique
271 4433 394 4528 capite
429 4431 601 4503 vicesimo
638 4442 770 4502 octavo
806 4429 934 4501 eadem
970 4429 1117 4500 brevius

88 4547 206 4637 scribit,
236 4545 302 4620 sed
333 4545 602 4619 obscurissime.
655 4545 779 4640 Caput
807 4543 1020 4615 vicesimum
1052 4566 1117 4614 no·

170 4681 262 4735 von.
278 4681 336 4732 tv.
989 4677 1016 4727 K
