2640 5092
288 621 604 676 nunnunuurcs
625 622 869 675 nonrsuum.
1078 613 1101 677 3

104 786 157 861 A.
185 787 283 862 Usus
295 801 351 863 est
363 812 453 886 ergo
465 803 630 886 tempore
640 801 821 886 praesente
832 814 899 886 pro
909 791 1099 887 praeterito

55 901 285 998 imperfecto.

102 1015 156 1089 B.
184 1016 253 1089 Itu.

103 1126 150 1201 A.
179 1130 240 1201 An
258 1142 297 1202 et
314 1129 439 1226 saepe?

102 1240 154 1315 B.
182 1241 401 1338 Saepissime.

103 1350 152 1426 A.
179 1352 421 1428 Absolvumus
438 1377 526 1451 ergo
543 1354 824 1451 typographum.

103 1464 151 1537 Β.
179 1467 304 1541 Recte.
332 1468 469 1540 Verum
486 1491 556 1564 ego
570 1468 673 1541 illum
689 1492 763 1540 non
776 1466 923 1540 laudavi
939 1490 962 1539 a
977 1490 1096 1562 gram·

52 1579 203 1667 maticu,
214 1604 438 1676 quamquam
448 1581 526 1677 ipse
539 1579 629 1653 alias
641 1603 715 1653 non
729 1579 935 1676 intelligere
949 1594 986 1653 et
995 1580 1097 1676 loqui

54 1691 187 1765 latine
204 1691 363 1766 dedecus
380 1716 459 1767 esse
476 1705 602 1767 censet
619 1692 840 1766 academico.

102 1802 151 1878 A.
177 1803 362 1877 Nmeror
387 1807 500 1879 etiam
530 1806 739 1905 reperimus
768 1805 941 1905 adipeis
970 1805 1097 1878 mundi

50 1915 285 2012 primordiis,
302 1928 422 2016 prout
439 1919 478 1992 in
495 1929 648 1993 celatum
660 1919 974 2019 patriarcharum
991 1927 1097 1992 cutu-

52 2026 142 2127 logo
167 2028 297 2128 liquet,
315 2056 392 2129 per
416 2032 608 2122 munaum,
630 2032 807 2121 decadas,
835 2032 1097 2130 centuriasque

52 2151 145 2239 apte
172 2142 385 2241 dispositor,
407 2144 594 2243 gradibus
617 2144 772 2233 scilieet,
801 2170 847 2218 ne
876 2144 1096 2219 inordinato

51 2277 285 2329 nemorum
309 2257 543 2332 multitudine
566 2267 604 2331 et
626 2267 727 2349 ἀταξίᾳ
750 2257 895 2331 laboret
920 2256 1096 2344 camdus,

52 2366 111 2439 rel
131 2367 280 2465 quidem
301 2369 424 2443 nullut
446 2371 587 2443 omnino
606 2369 835 2445 sit—Quod
851 2371 986 2442 iterum
1003 2381 1096 2443 tem-

53 2505 141 2576 pore
167 2494 350 2577 praesente
373 2496 500 2557 utetur
524 2508 591 2580 pro
608 2483 838 2580 imperfecto,
861 2484 1036 2579 quoniam
1056 2497 1096 2557 tu

54 2594 104 2667 itu
120 2595 189 2680 vis,
206 2610 399 2692 praetereo.
452 2599 536 2670 Hoc
553 2609 697 2671 tantum
720 2609 797 2669 ate
815 2620 952 2692 quaero‚
970 2608 1094 2669 utrum

53 2708 98 2781 eb
115 2732 173 2793 eo,
200 2709 302 2805 quod
326 2723 454 2783 aetutes
479 2709 773 2807 patriarcharum
795 2733 913 2806 usque
936 2709 984 2782 ad
1003 2709 1095 2783 dilu-

54 2822 150 2895 vium
169 2845 237 2918 per
254 2824 451 2912 centurias,
473 2823 643 2912 decadas,
661 2822 839 2896 monades
854 2833 1095 2896 numerentur

56 2934 161 3025 (Gen.
181 2958 262 3031 cup.
279 2937 333 3028 5),
354 2936 481 3009 inferri
498 2938 614 3033 possit
630 2960 865 3010 numerorum
883 2936 1033 3008 nomina
1050 2959 1094 3008 eo

54 3057 219 3143 tempore
236 3048 289 3121 ita
306 3048 474 3122 ordinatu
491 3049 613 3122 fuisse.

98 3158 147 3233 B.
176 3160 366 3257 Siquidem
385 3174 496 3257 caput
512 3161 604 3235 illud
621 3161 792 3257 quintum
812 3172 898 3234 ante
917 3159 1094 3233 diluvium

53 3275 231 3370 scriptum
248 3275 391 3363 fuisset,
416 3274 530 3347 illatio
554 3275 617 3347 illu
639 3288 735 3347 esset
754 3274 862 3346 bonu.
915 3273 990 3346 Sed
1006 3297 1093 3369 quo-

52 3387 149 3459 nium
167 3387 227 3459 vel
243 3411 266 3459 u
283 3387 400 3472 Mose,
414 3388 473 3459 vel
486 3386 597 3483 longo
612 3401 696 3483 post
708 3386 852 3459 Mosem
867 3399 1033 3481 tempore
1046 3386 1094 3459 ab

52 3497 169 3572 Esdra
185 3500 364 3596 scriptum
381 3523 461 3573 esse
485 3525 612 3574 omnes
630 3499 879 3588 consentiunt,
900 3499 1093 3573 fatendum

52 3626 105 3687 est
122 3614 261 3687 bonum
278 3637 353 3686 non
370 3637 462 3686 esse.

96 3727 147 3802 A.
175 3725 435 3799 Desiderumus
462 3749 551 3821 ergo
574 3725 614 3798 in
631 3724 799 3798 Wallisio
823 3735 970 3813 ἀκρίβειαν
992 3724 1093 3797 illam

51 3840 198 3938 logioeS,
217 3864 327 3936 quum
342 3839 521 3934 exigimus
538 3837 1093 3912 amathemuticis-Muthesir

51 3954 156 4052 uprrd
174 3952 372 4025 Cdoldoeor
382 3962 476 4050 post
492 3950 667 4025 diluuium
677 3950 995 4049 primostoruisse
1012 3975 1093 4022 ere·

51 4067 165 4155 ditur,
190 4065 326 4139 deinde
343 4065 447 4161 apud
462 4064 667 4162 Egyptior,
689 4088 769 4136 oum
787 4062 855 4135 hoc
874 4073 995 4135 tumen
1014 4063 1093 4136 dis-

50 4180 202 4253 crimine
213 4206 226 4261 ,·
268 4178 528 4251 Chuldoeorum
561 4176 800 4265 astronomia,
840 4175 1093 4272 Egyptiorum

48 4293 259 4391 geometria
278 4291 468 4365 celebrata
484 4289 714 4364 est-Unde
731 4288 828 4361 scit?
872 4288 996 4362 Quare
1014 4311 1093 4360 cre-

50 4407 176 4482 ditur?
216 4407 286 4480 Cui
303 4404 508 4481 historico?
548 4403 725 4500 Oportuit
738 4403 944 4475 nominasse
961 4401 1093 4473 autho-

50 4544 125 4595 rem
148 4545 269 4596 suum.
321 4520 418 4594 Num
444 4530 589 4607 contra,
617 4517 880 4591 astronomiam
899 4512 1093 4588 Chaldaeos

912 4649 937 4700 B
955 4633 969 4671 2

1136 819 1277 862 ΒΙΑΒΟΕΠΙ

1137 901 1277 1005 ss
