2618 5092
221 642 297 709 448
365 655 421 710 nu
440 653 675 711 rsrncrrrrs
694 654 747 709 rr
764 652 1137 709 usrroornsrronr

37 852 108 894 our.
119 852 174 894 xx.
221 824 299 915 Rd,
310 823 566 923 productaque
578 834 622 900 ut
637 834 739 901 senet
754 822 821 917 ba,
834 822 1029 899 tboeoeblt
1042 824 1260 923 flemmejtlt

22 922 203 1025 m
221 951 379 1035 partem,
404 951 558 1036 propter
581 938 660 1029 Aa,
677 935 732 1013 ha
757 938 798 1011 iu
818 936 1010 1035 triangulo
1033 934 1133 1012 aba
1154 936 1260 1037 parul-

20 1043 108 1089 ω
221 1051 323 1127 lelas.
350 1051 477 1126 Quare
491 1051 679 1127 abseeabit
695 1050 734 1125 in
756 1048 807 1125 da
822 1062 966 1126 mam
981 1050 1166 1151 equalem
1178 1049 1260 1125 sinui

220 1188 329 1240 arcus
348 1165 416 1238 Be.
470 1164 583 1240 Quod
609 1162 836 1263 impossibile
859 1174 930 1253 est,
945 1162 1020 1241 nisi
1038 1164 1096 1239 la
1112 1174 1260 1241 amnt

219 1302 287 1374 per
301 1303 347 1351 c:
372 1302 457 1351 cum
473 1277 524 1351 sit
538 1291 583 1352 ut
598 1278 666 1352 Ad
683 1274 828 1375 (2-AD)
846 1276 898 1353 ud
911 1276 1000 1367 AD,
1015 1278 1075 1353 ita
1097 1278 1199 1355 sinus
1210 1300 1259 1353 ar·

220 1414 287 1464 cus
311 1390 370 1464 Bc
395 1390 444 1464 ed
470 1391 681 1489 sextuplum
709 1390 833 1467 sinum
858 1412 970 1465 arem
1001 1390 1078 1467 Bc.
1125 1390 1258 1467 mmet

220 1526 311 1599 ergo
328 1502 381 1576 da
394 1527 462 1600 per
480 1529 513 1578 e.

269 1615 411 1690 Eodem
429 1616 553 1707 modo,
570 1616 603 1691 si
614 1640 724 1691 arcus
741 1616 802 1690 Bc
818 1628 967 1691 secetur
984 1614 1171 1707 bifariam,
1181 1616 1257 1691 fient

219 1752 328 1805 arcus
345 1728 561 1819 duodecem,
574 1742 614 1805 et
639 1729 742 1805 sinus
766 1729 972 1804 eorundem
997 1729 1184 1805 totidem:
1205 1728 1258 1826 qui

219 1840 322 1915 sinus
348 1864 495 1939 semper
522 1854 645 1932 erunt,
670 1842 781 1917 simul
808 1842 961 1941 sumpti,
988 1844 1156 1919 minores
1183 1866 1258 1917 arou

220 1953 301 2044 BD,
328 1956 487 2051 maiores
511 1967 636 2031 tamen
667 1967 771 2031 reeta
796 1955 858 2032 bo.
911 1956 1060 2032 Eadem
1085 1957 1257 2044 methodo,

219 2066 418 2142 bisecaudo
451 2068 491 2143 in
523 2081 758 2167 perpetuum,
788 2068 936 2145 ostendi
967 2082 1108 2168 potest,
1133 2086 1259 2145 reotsu

220 2205 368 2256 omnem
386 2182 537 2256 ductam
555 2183 653 2257 iufra
671 2182 730 2257 BS
747 2182 890 2280 ipsique
904 2183 1140 2281 parallelum,
1151 2184 1258 2259 termi-

223 2306 351 2369 natam
377 2295 416 2368 iu
433 2295 545 2370 rectis
564 2296 642 2385 AB,
656 2295 731 2383 DS,
749 2295 929 2369 minorem
958 2319 1041 2370 esse
1070 2320 1160 2371 areu
1186 2297 1260 2371 BD:

220 2420 270 2499 et,
288 2434 355 2506 per
370 2434 609 2507 consequens,
628 2423 768 2484 rectam
785 2409 857 2500 BS,
875 2410 1127 2506 compositam
1148 2434 1191 2485 ex
1210 2434 1260 2482 ra·

220 2522 284 2596 dio
299 2536 337 2597 et
354 2536 531 2620 tangente
548 2533 596 2599 30
607 2524 801 2620 graduum,
815 2547 890 2596 non
905 2547 985 2597 esse
1002 2547 1096 2598 arcu
1114 2527 1179 2600 BD
1196 2548 1261 2598 ma-

216 2637 352 2731 jorem.
403 2638 529 2711 Minor
545 2651 670 2711 autem
688 2660 767 2710 esse
785 2660 862 2709 non
878 2650 1029 2732 potest:
1058 2662 1145 2711 cum
1173 2640 1261 2711 locus

221 2749 344 2822 nullus
362 2750 527 2824 ulteriori
550 2751 745 2824 bisentioni
765 2749 915 2823 relictus
932 2751 993 2824 sit.
1045 2752 1168 2825 Etiam
1186 2777 1261 2848 geo

220 2875 347 2937 metrae
365 2888 492 2938 omnes
509 2866 572 2962 qui
589 2862 883 2960 magnitudinem
901 2863 1032 2938 circuli
1052 2865 1261 2940 determina-

222 2988 321 3069 runt,
341 3002 466 3052 areum
496 2979 561 3052 BD
584 2979 726 3052 faciunt
749 2980 929 3051 minorem
948 3002 1060 3075 quam
1090 2994 1148 3053 est
1172 2991 1263 3053 recta

147 3106 154 3124 '
222 3091 293 3163 BS.
332 3092 458 3165 Habes
476 3117 564 3188 ergo
578 3091 931 3164 demonstrationem
945 3091 1185 3187 quadraturae
1201 3094 1262 3167 cir-

222 3205 296 3278 culi
313 3207 435 3279 verbis
460 3205 560 3279 haud
577 3206 695 3279 multo
712 3205 878 3302 pluribus
895 3229 1008 3302 quam
1026 3230 1109 3304 quae
1127 3220 1210 3282 suut
1230 3209 1263 3280 in

223 3320 509 3394 construetione.

276 3431 416 3506 Coroll.
434 3434 458 3506 i.
494 3433 534 3506 Si
546 3434 727 3529 jungatur
744 3440 847 3505 recte
864 3431 931 3505 BG
946 3455 1079 3506 secans
1098 3433 1167 3507 ΑΙ)
1186 3432 1265 3530 ius,

222 3545 405 3642 producta
422 3544 474 3617 ba
492 3546 531 3618 in
549 3570 581 3634 e,
597 3557 634 3618 et
646 3544 705 3618 BS
718 3544 757 3617 in
773 3546 800 3633 i,
814 3544 886 3617 erit
905 3545 958 3618 Bi
974 3546 1090 3619 tertia
1101 3571 1188 3644 pars
1198 3570 1265 3619 rec·

222 3670 272 3732 tae
290 3658 361 3746 BS,
380 3672 418 3731 et
432 3658 584 3755 aeqnalis
601 3657 705 3731 arcui
723 3657 787 3731 BG
804 3687 814 3740 ;
832 3668 870 3729 et
888 3655 936 3729 de
952 3659 1108 3754 aequalis
1127 3659 1266 3735 chorda

223 3772 313 3857 BG;
339 3783 380 3845 et
405 3772 472 3865 Af
491 3771 641 3867 aequalis
668 3770 773 3844 radio
802 3770 931 3845 circuli
962 3773 1071 3868 cnjus
1090 3774 1266 3870 quadrans

222 3885 372 3982 mqualis
400 3897 456 3958 est
480 3885 584 3958 arcui
611 3884 701 3969 BG;
727 3896 767 3957 et
784 3885 854 3958 nd
879 3884 1008 3959 radius
1034 3910 1148 3961 arcus
1171 3888 1266 3984 cujus

222 3998 407 4096 quadrans
428 3998 558 4071 circuli
576 3996 729 4094 aequalis
753 4008 809 4070 est
834 3996 938 4070 arcui
959 3997 1042 4071 Bc:
1071 4011 1113 4074 et
1138 4002 1176 4074 in
1193 3998 1267 4074 uni·

221 4136 380 4201 versum,
399 4135 527 4185 omnes
554 4125 667 4185 rectae
692 4110 815 4185 ductae
841 4111 887 4183 ab
916 4110 951 4182 R
971 4111 1021 4184 ad
1049 4137 1180 4187 arcum
1199 4110 1265 4199 BG,

222 4228 401 4301 secabunt
417 4224 486 4323 As,
505 4237 543 4298 et
559 4248 687 4298 arcum
699 4224 775 4313 BG,
788 4224 827 4296 iu
841 4223 988 4297 ratione
1006 4225 1107 4299 radii
1123 4227 1172 4301 sd
1188 4249 1265 4324 qus·

222 4340 393 4414 drentem
410 4363 432 4412 a
450 4362 489 4411 se
507 4338 744 4434 descriptum.
796 4337 852 4409 Ex
875 4360 949 4433 quo
968 4340 1143 4436 sequitur
1158 4338 1264 4415 facilis

224 4452 353 4527 divisio
371 4476 479 4527 arcus
502 4451 578 4526 sive
600 4451 727 4549 anguli
752 4452 791 4525 in
816 4450 961 4526 ratione
988 4451 1093 4547 data,
1111 4466 1155 4530 ut
1179 4453 1263 4530 intro

222 4567 365 4661 patebit
382 4565 430 4641 ad
448 4590 529 4664 cap.
549 4565 652 4640 xxiii.
