2640 5092
417 655 750 710 oaomurrmaurr.
1028 641 1102 710 403

54 837 141 888 rum
175 839 252 892 non
285 819 439 916 negabit
471 820 648 918 angulum
681 820 817 894 habere
843 821 1101 917 quantitatem,
1139 848 1284 893 erasm.

54 951 180 1024 neque
196 929 289 1005 duas
307 932 533 1028 quantitates
553 932 733 1029 (ejusdem
755 933 902 1028 generis
923 933 1098 1029 proximi)
1141 918 1284 1036 ζῇ

54 1043 281 1140 compositas
290 1045 426 1119 babere
436 1048 680 1142 quantitatem
691 1045 798 1119 unius
810 1045 971 1140 duplam,
983 1069 1101 1142 neque

55 1154 153 1229 duos
170 1157 325 1253 angulos
340 1157 453 1247 ACD,
465 1158 560 1232 ACE
574 1181 653 1233 esse
665 1180 753 1231 vere
769 1158 924 1254 angulos
936 1158 1102 1254 ejusdem

54 1267 218 1365 generis.
270 1270 467 1345 Quomodo
484 1296 574 1368 ergo
590 1271 742 1369 negabit
766 1271 858 1347 duas
885 1284 1005 1347 rectas
1021 1271 1101 1362 cl),

56 1379 121 1453 GE
138 1381 365 1456 constitneie
383 1383 476 1457 dnos
492 1384 646 1480 angulos
663 1396 796 1474 rectos,
813 1384 890 1459 sive
906 1408 1021 1459 unum
1037 1409 1101 1459 an·

53 1494 186 1591 guium
204 1495 297 1569 recti
319 1495 500 1594 duplum?
553 1496 754 1571 Continent
775 1520 865 1593 ergo
889 1495 972 1573 duae
988 1511 1101 1572 rectae

55 1607 137 1697 OD,
163 1608 239 1697 ΟΕ,
266 1632 478 1706 quanquam
513 1611 553 1687 in
584 1611 765 1687 directum
793 1611 984 1689 collocata
1016 1611 1102 1701 sint,

54 1721 248 1818 angulum.

108 1833 313 1925 Postremo,
343 1834 491 1911 Clarius
524 1835 778 1912 definitionem
810 1836 908 1913 hunc
937 1835 1102 1911 Euclidis

55 1970 246 2045 exponens
263 1949 315 2022 sic
331 1949 483 2024 scribit:
509 1949 723 2025 “Consistit
743 1960 871 2024 autem
894 1950 1019 2047 anguli
1038 1972 1103 2024 cu·

52 2059 173 2158 jussis
186 2061 373 2159 quantitas
384 2062 424 2137 in
438 2062 516 2137 sola
532 2062 783 2151 inclinatione,
797 2086 873 2137 non
886 2063 925 2136 in
942 2062 1104 2158 longitu-

57 2174 160 2264 dine,
192 2174 394 2249 linearum:
428 2176 536 2251 lineae
564 2177 664 2251 enim
690 2177 837 2272 longius
866 2186 1104 2250 excurrentes

58 2312 137 2363 non
153 2299 291 2385 augent
306 2312 411 2363 suam
426 2289 725 2375 inclinationem
751 2290 865 2387 igitur
890 2312 1009 2386 neque
1036 2314 1104 2363 an-

57 2401 138 2498 guli
154 2402 480 2498 magnitudinem.’'
532 2403 634 2480 Quid
656 2427 744 2500 ergo
761 2427 853 2501 opus
874 2414 931 2476 est
952 2403 1103 2478 omuino

59 2514 109 2588 ad
138 2514 334 2590 essentiam
363 2517 491 2615 anguli
520 2517 652 2592 lineis:
688 2541 771 2614 qnae
805 2517 922 2592 minui
949 2528 1105 2613 possunt

60 2628 181 2702 ambae
197 2627 236 2702 in
257 2629 455 2717 infinitum,
473 2630 575 2705 salva
590 2630 800 2727 quantitate
822 2642 861 2704 et
882 2643 1017 2704 natura
1038 2653 1105 2703 an-

59 2740 164 2839 guli?
216 2740 340 2816 lltiarn
372 2744 412 2817 in
445 2743 582 2841 angulo
617 2754 821 2832 contactus,
851 2744 883 2817 si
917 2744 1106 2817 minuatur

58 2875 170 2927 arcus
188 2853 239 2927 lc
258 2867 437 2952 quantum
459 2857 541 2931 fieri
564 2868 699 2953 potest,
718 2879 885 2953 quaenam
909 2857 981 2930 erit
1003 2855 1104 2929 diffe-

58 2966 183 3042 rentia
209 2967 308 3042 inter
333 2969 489 3065 angulos
516 2969 614 3043 DCC
643 2981 682 3043 et
708 2967 835 3044 DCD?
887 2969 989 3042 Scire
1016 2967 1104 3040 hinc

57 3092 168 3178 potes
180 3103 230 3153 an
243 3082 490 3156 accuratiores
508 3083 737 3157 acutioresve
748 3082 824 3157 sint
839 3081 1102 3171 mathematici,

57 3216 175 3289 quam
190 3193 344 3268 aliarum
360 3197 497 3269 artium
513 3196 679 3271 studiosi.

109 3307 244 3381 Restat
256 3317 298 3381 ut
312 3308 438 3404 anguli
450 3309 551 3405 plani
566 3323 737 3384 naturam
750 3310 939 3407 explicem,
953 3321 992 3382 et
1007 3309 1106 3382 iuter

55 3419 239 3517 angulum
256 3432 450 3495 contactus
467 3433 506 3495 et
522 3422 698 3518 angulum
714 3447 760 3497 ex
775 3423 1016 3497 circulatione
1033 3421 1105 3495 dis·

56 3533 255 3630 tingnam:
281 3545 320 3607 et
342 3547 539 3631 utramque
565 3536 736 3611 definiam
763 3537 795 3610 si
811 3547 941 3634 potero
959 3534 1105 3624 clarius,

56 3647 282 3734 accuratius,
295 3660 335 3721 et
351 3647 400 3720 ad
415 3670 522 3721 ursum
529 3649 799 3744 geometricum
817 3647 1106 3722 accomodatius.

111 3759 252 3833 Centro
269 3759 315 3847 A,
332 3771 437 3832 motu
453 3759 548 3833 radii
564 3760 643 3849 AB,
662 3759 919 3834 describantur
942 3759 1017 3834 duo
1034 3760 1107 3832 cir·

58 3870 138 3945 culi
155 3870 266 3961 BCD,
277 3871 392 3946 EFG:
419 3894 540 3967 neque
561 3872 675 3946 refert
698 3886 823 3947 utrum
840 3873 908 3946 AB
932 3873 981 3946 sit
1005 3886 1109 3946 recta

59 4007 111 4057 an
130 4007 255 4073 curva,
274 3984 401 4081 quales
426 3996 513 4058 sunt
537 4008 661 4058 curvae
683 3987 829 4080 punctis
855 3986 1011 4082 signatae
1027 3984 1107 4073 AB,

59 4097 157 4188 AH3
183 4120 270 4171 nam
286 4097 435 4171 easdem
461 4097 676 4172 describunt
699 4110 778 4171 tum
803 4100 1012 4195 superficies
1028 4108 1108 4170 tum

60 4210 193 4285 lineas.
243 4211 293 4285 Et
315 4235 338 4286 a
358 4224 487 4285 centro
513 4212 563 4285 ad
589 4212 923 4286 circumferentiam
952 4211 1108 4283 ducatur

62 4336 169 4399 recta
197 4321 272 4397 ΑΗ
296 4336 498 4421 utcunque,
525 4348 652 4398 secans
681 4324 860 4398 circulum
886 4324 981 4398 EFG
1009 4325 1048 4396 in
1077 4324 1107 4397 l.

63 4436 170 4511 Facit
185 4458 278 4534 ergo
302 4435 382 4528 AB,
399 4450 625 4534 permotum
643 4438 859 4511 circularem
876 4435 925 4509 ad
942 4436 1029 4525 AH,
1045 4460 1108 4509 an·

61 4549 194 4649 gulutn
212 4548 340 4627 BAH:
364 4562 403 4626 at
419 4574 579 4650 pergens
595 4550 644 4627 od
662 4551 704 4642 O,
720 4550 813 4626 facit
839 4549 1016 4648 angulum
1033 4574 1111 4625 rna·

912 4686 938 4738 n
952 4687 1011 4738 ns
