2618 5092
219 671 292 739 332
494 682 992 741 nnonnnrrarsnnnsucs.

47 879 108 921 arr.
123 879 167 921 ιν.
217 846 281 919 ille
296 869 396 920 nunc
411 869 436 920 a
446 847 484 920 vi
493 846 694 923 collisionis
709 846 839 922 oritur.
865 846 964 923 Nam
981 846 1249 925 scintillnlnrun

47 948 178 1055 ᾗ
218 959 365 1033 illarum
392 983 620 1059 unaquaeque
645 973 705 1035 est
724 958 925 1037 frustulum
948 962 1129 1059 exignum
1151 962 1252 1061 ipsius

47 1075 136 1121 “¹²⁰²
218 1072 363 1170 lapidis,
379 1087 419 1147 et
433 1075 653 1171 vertiginem
679 1096 785 1149 suam
808 1072 933 1150 fomiti
957 1086 1171 1175 proepnruto
1194 1076 1251 1151 in-

218 1186 357 1282 primit.
389 1187 514 1283 Atque
527 1186 600 1263 hoc
613 1184 1251 1287 modopropngutnrignisqncntnn

217 1300 399 1374 volumus.

268 1411 319 1485 A.
348 1413 433 1488 Quo
458 1423 569 1508 pacto
599 1412 783 1489 comburit
807 1412 933 1488 omniu
958 1410 1042 1489 fere
1068 1414 1254 1489 combusti-

217 1524 307 1599 bilia
328 1524 393 1598 lux
409 1524 551 1616 solaris,
568 1524 628 1601 vel
644 1548 713 1622 per
728 1524 988 1600 refractionem
1004 1526 1048 1600 in
1065 1525 1163 1603 uitro
1177 1552 1253 1603 cou-

218 1661 324 1727 vexo,
340 1638 399 1711 vel
415 1662 484 1735 per
499 1639 750 1714 reflectionem
765 1662 791 1713 a
804 1639 902 1713 vitro
915 1640 1110 1716 concavo?

269 1748 316 1822 B.
344 1751 495 1824 Pressus
517 1775 542 1826 a
557 1751 636 1827 sole
657 1774 723 1826 aer
738 1751 874 1848 premit
896 1752 1040 1827 vinum
1062 1778 1252 1829 connexum

218 1862 285 1936 tali
301 1863 425 1953 modo,
441 1874 485 1938 ut
506 1864 605 1939 actio
622 1864 862 1939 continuetur
877 1886 946 1977 per
967 1888 1108 1963 corpus
1123 1866 1252 1941 uitriin

218 1976 317 2051 linea
332 1990 445 2068 recta,
463 2002 539 2052 non
562 1976 692 2052 eedem
714 2000 800 2073 qnae
821 2000 845 2051 a
867 1976 945 2052 sole
967 1976 1020 2053 ud
1035 1981 1185 2068 vitrum,
1198 1980 1254 2055 sed

217 2103 395 2187 vergente
408 2092 597 2189 aliquanto
614 2090 663 2165 ad
675 2090 980 2189 perpendiculum
995 2122 1007 2177 ;
1024 2090 1162 2168 deinde
1176 2118 1256 2168 con-

217 2203 364 2277 tinuata
384 2228 452 2301 per
467 2202 675 2301 oppositum
690 2202 855 2301 ejusdem
867 2202 956 2277 vitri
973 2207 1206 2302 superficiem
1220 2208 1254 2280 iu

217 2340 352 2405 aerem,
377 2317 536 2415 divergit
559 2342 583 2391 a
599 2316 873 2414 perpendiculo.
928 2316 1043 2392 Unde
1064 2320 1110 2395 fit
1127 2334 1169 2395 ut
1184 2332 1256 2394 tota

217 2429 317 2502 actio
338 2430 488 2503 tandem
505 2432 544 2504 in
562 2430 810 2504 arctissimum
827 2429 990 2525 spatium
1007 2434 1251 2508 concludatur.

218 2542 349 2637 ltaque
374 2567 524 2616 necesse
554 2555 621 2631 est,
645 2555 687 2615 ut
702 2542 733 2614 si
757 2543 796 2615 in
821 2542 884 2615 illo
911 2544 1036 2640 spatio
1064 2547 1255 2621 collocetur

216 2655 371 2727 materia
388 2655 666 2743 combustibilis
687 2678 732 2728 ea
747 2655 794 2728 ab
823 2655 970 2729 actione
998 2659 1117 2746 unita,
1134 2661 1173 2734 id
1196 2672 1254 2748 est,

216 2781 363 2840 amotu
390 2766 490 2841 facto
519 2792 587 2864 per
613 2768 913 2864 couvergentiam
938 2769 1256 2848 vehementissimo

216 2881 466 2954 comburatur.

267 2994 409 3068 Eadem
432 2996 527 3068 ratio
555 3007 611 3068 cst
633 2995 896 3069 combustionis
920 3020 989 3093 per
1011 2998 1254 3074 reflexionem.

215 3107 313 3181 Nam
336 3109 389 3183 sic
407 3109 520 3182 ctiam
543 3109 642 3181 actio
666 3120 746 3182 tota
769 3109 808 3182 in
833 3110 1084 3185 arctissimum
1105 3116 1255 3211 spatium

216 3222 416 3318 redigetur.
468 3222 542 3296 Sed
566 3221 612 3293 de
635 3221 692 3294 his
716 3222 827 3295 rebus
850 3222 967 3295 tirsius
991 3234 1030 3298 et
1053 3228 1255 3300 accuratius

214 3347 416 3410 tractatum
433 3348 488 3409 est
505 3336 544 3408 in
561 3335 656 3408 libro
675 3359 784 3429 quem
800 3334 971 3432 inscripsi
987 3335 1053 3411 Dc
1064 3338 1234 3413 Homine.

266 3449 315 3522 A.
343 3450 418 3523 Cur
434 3472 509 3522 non
527 3460 650 3546 potest
666 3472 757 3538 esse,
769 3461 811 3522 ut
828 3449 883 3522 sol
900 3450 948 3523 sit
961 3474 1099 3548 corpus
1114 3453 1254 3551 aliquod

214 3561 287 3633 tale
315 3563 423 3658 quale
449 3586 518 3635 nos
544 3562 654 3659 vulgo
682 3562 914 3636 nominamus
941 3564 1082 3660 ignem,
1107 3581 1146 3642 et
1170 3567 1257 3641 radii

214 3673 293 3768 ejus
310 3676 469 3748 transire
485 3699 553 3772 per
570 3676 655 3749 vitri
672 3700 794 3772 poros
813 3700 857 3748 co
875 3676 986 3751 modo
1004 3692 1049 3752 nt
1066 3680 1106 3753 in
1123 3695 1256 3777 puncto

213 3787 366 3861 vellere
383 3802 522 3885 puncto
541 3790 843 3886 conjungantur?

266 3901 316 3974 B.
343 3902 443 3975 Num
462 3903 542 3976 dari
555 3904 689 3976 vitrum
705 3915 832 3999 potest
849 3902 948 3999 qnod
961 3903 1010 3976 sit
1024 3917 1149 3979 totum
1160 3906 1257 4003 pori?

216 4015 256 4089 Si
273 4015 346 4088 tale
363 4016 501 4089 vitrum
524 4017 604 4089 dari
626 4041 700 4090 non
724 4029 860 4114 potest,
878 4029 961 4090 tum
984 4019 1140 4093 effectus
1163 4020 1258 4094 illes

214 4130 374 4203 transitu
391 4129 578 4203 radiorum
595 4131 682 4205 solis
698 4155 766 4228 per
780 4155 892 4227 poros
908 4131 997 4205 vitri
1013 4132 1173 4229 produci
1188 4158 1257 4207 non

212 4255 349 4339 potest.
399 4244 533 4318 Vidisti
551 4244 703 4318 accendi
726 4245 998 4319 combustibilis
1022 4270 1091 4343 per
1112 4248 1256 4345 globum

214 4356 371 4431 solidum
385 4359 555 4447 vitreum,
567 4383 796 4456 quaecunque
812 4383 899 4455 pars
916 4361 996 4455 ejus
1013 4362 1085 4435 soli
1095 4364 1258 4437 obverte-

213 4481 326 4543 retur.
379 4472 424 4545 Id
441 4471 543 4569 quod
558 4472 640 4545 fieri
657 4497 731 4546 non
748 4484 882 4570 potest,
894 4472 968 4546 nisi
984 4474 1127 4549 vitrum
1144 4488 1256 4550 totum

212 4579 262 4653 sit
293 4584 385 4678 pori.
449 4586 634 4660 Praeterea
661 4609 783 4682 neque
811 4609 881 4682 ego
910 4609 1034 4683 neque
1062 4599 1108 4664 tu
1141 4590 1255 4688 ignem
