<?xml version="1.0" encoding="UTF-8"?>
<!DOCTYPE html PUBLIC "-//W3C//DTD XHTML 1.0 Transitional//EN"
    "http://www.w3.org/TR/xhtml1/DTD/xhtml1-transitional.dtd">
<html xmlns="http://www.w3.org/1999/xhtml" xml:lang="en" lang="en">
 <head>
  <title>
</title>
<meta http-equiv="Content-Type" content="text/html;charset=utf-8" />
  <meta name='ocr-system' content='tesseract 3.04.00' />
  <meta name='ocr-capabilities' content='ocr_page ocr_carea ocr_par ocr_line ocrx_word'/>
</head>
<body>
  <div class='ocr_page' id='page_1' title='image "./thomhobbesmalme03hobbgoog_0292.png"; bbox 0 0 2618 5092; ppageno 0'>
   <div class='ocr_carea' id='block_1_1' title="bbox 667 55 732 142">
    <p class='ocr_par' dir='ltr' id='par_1_1' title="bbox 667 55 732 142">
     <span class='ocr_line' id='line_1_1' title="bbox 668 55 716 94; baseline 0.042 -16"><span class='ocrx_word' id='word_1_1' title='bbox 668 55 674 94; x_wconf 50' lang='lat' dir='ltr'><em>J</em></span> <span class='ocrx_word' id='word_1_2' title='bbox 684 59 702 84; x_wconf 56' lang='grc' dir='ltr'>,ἡ</span> <span class='ocrx_word' id='word_1_3' title='bbox 712 59 716 68; x_wconf 95' lang='grc'><strong>’</strong></span> 
     </span>
     <span class='ocr_line' id='line_1_2' title="bbox 667 77 732 142; baseline 0 -12"><span class='ocrx_word' id='word_1_4' title='bbox 667 77 732 142; x_wconf 56' lang='lat' dir='ltr'>sc.</span> 
     </span>
    </p>
   </div>
   <div class='ocr_carea' id='block_1_2' title="bbox 387 627 1103 708">
    <p class='ocr_par' dir='ltr' id='par_1_2' title="bbox 387 627 1103 708">
     <span class='ocr_line' id='line_1_3' title="bbox 387 627 1103 708; baseline -0.003 -6"><span class='ocrx_word' id='word_1_5' title='bbox 387 651 441 702; x_wconf 81' lang='lat' dir='ltr'>nu</span> <span class='ocrx_word' id='word_1_6' title='bbox 460 650 629 702; x_wconf 72' lang='lat' dir='ltr'>urruns</span> <span class='ocrx_word' id='word_1_7' title='bbox 649 649 785 701; x_wconf 74' lang='lat' dir='ltr'>enare.</span> <span class='ocrx_word' id='word_1_8' title='bbox 1029 627 1103 708; x_wconf 80' lang='lat'>277</span> 
     </span>
    </p>
   </div>
   <div class='ocr_carea' id='block_1_3' title="bbox 59 814 1104 1369">
    <p class='ocr_par' dir='ltr' id='par_1_3' title="bbox 60 814 1102 1141">
     <span class='ocr_line' id='line_1_4' title="bbox 60 814 1102 914; baseline -0.001 -25"><span class='ocrx_word' id='word_1_9' title='bbox 60 838 144 914; x_wconf 89' lang='lat' dir='ltr'>pore</span> <span class='ocrx_word' id='word_1_10' title='bbox 173 815 315 889; x_wconf 84' lang='lat' dir='ltr'>visibili</span> <span class='ocrx_word' id='word_1_11' title='bbox 342 827 380 891; x_wconf 92' lang='lat' dir='ltr'>et</span> <span class='ocrx_word' id='word_1_12' title='bbox 405 841 491 891; x_wconf 88' lang='lat' dir='ltr'>aere</span> <span class='ocrx_word' id='word_1_13' title='bbox 518 841 687 907; x_wconf 89' lang='lat' dir='ltr'>vacuum,</span> <span class='ocrx_word' id='word_1_14' title='bbox 715 839 790 889; x_wconf 91' lang='lat' dir='ltr'>non</span> <span class='ocrx_word' id='word_1_15' title='bbox 819 814 926 889; x_wconf 81' lang='lat' dir='ltr'>facile</span> <span class='ocrx_word' id='word_1_16' title='bbox 941 838 1102 888; x_wconf 66' lang='lat' dir='ltr'>¹conces-</span> 
     </span>
     <span class='ocr_line' id='line_1_5' title="bbox 60 928 1102 1018; baseline 0 -15"><span class='ocrx_word' id='word_1_17' title='bbox 60 929 179 1003; x_wconf 89' lang='lat' dir='ltr'>serim.</span> <span class='ocrx_word' id='word_1_18' title='bbox 232 929 418 1005; x_wconf 85' lang='lat' dir='ltr'>Videntur</span> <span class='ocrx_word' id='word_1_19' title='bbox 435 931 533 1005; x_wconf 90' lang='lat' dir='ltr'>enim</span> <span class='ocrx_word' id='word_1_20' title='bbox 550 930 640 1004; x_wconf 90' lang='lat' dir='ltr'>mihi</span> <span class='ocrx_word' id='word_1_21' title='bbox 664 941 743 1004; x_wconf 94' lang='lat' dir='ltr'>tum</span> <span class='ocrx_word' id='word_1_22' title='bbox 761 928 1004 1018; x_wconf 86' lang='lat' dir='ltr'>Democritus,</span> <span class='ocrx_word' id='word_1_23' title='bbox 1022 939 1102 1003; x_wconf 89' lang='lat' dir='ltr'>tum</span> 
     </span>
     <span class='ocr_line' id='line_1_6' title="bbox 60 1044 574 1141; baseline 0.006 -25"><span class='ocrx_word' id='word_1_24' title='bbox 60 1044 253 1141; x_wconf 81' lang='lat' dir='ltr'>Epicurus,</span> <span class='ocrx_word' id='word_1_25' title='bbox 271 1045 324 1117; x_wconf 91' lang='lat' dir='ltr'>sic</span> <span class='ocrx_word' id='word_1_26' title='bbox 342 1045 574 1119; x_wconf 85' lang='lat' dir='ltr'>intellexisse.</span> 
     </span>
    </p>

    <p class='ocr_par' dir='ltr' id='par_1_4' title="bbox 59 1155 1104 1369">
     <span class='ocr_line' id='line_1_7' title="bbox 106 1155 1104 1255; baseline 0 -26"><span class='ocrx_word' id='word_1_27' title='bbox 106 1157 158 1231; x_wconf 83' lang='lat' dir='ltr'>A.</span> <span class='ocrx_word' id='word_1_28' title='bbox 186 1156 228 1230; x_wconf 86' lang='lat' dir='ltr'>si</span> <span class='ocrx_word' id='word_1_29' title='bbox 251 1179 319 1253; x_wconf 86' lang='lat' dir='ltr'>per</span> <span class='ocrx_word' id='word_1_30' title='bbox 333 1182 490 1232; x_wconf 89' lang='lat' dir='ltr'>vacuum</span> <span class='ocrx_word' id='word_1_31' title='bbox 507 1158 597 1255; x_wconf 94' lang='lat' dir='ltr'>quid</span> <span class='ocrx_word' id='word_1_32' title='bbox 619 1157 673 1231; x_wconf 90' lang='lat' dir='ltr'>illi</span> <span class='ocrx_word' id='word_1_33' title='bbox 695 1156 956 1230; x_wconf 84' lang='lat' dir='ltr'>intellexerunt</span> <span class='ocrx_word' id='word_1_34' title='bbox 977 1181 1001 1230; x_wconf 90' lang='lat' dir='ltr'>a</span> <span class='ocrx_word' id='word_1_35' title='bbox 1018 1155 1104 1229; x_wconf 90' lang='lat' dir='ltr'>doo-</span> 
     </span>
     <span class='ocr_line' id='line_1_8' title="bbox 59 1269 1104 1369; baseline 0 -27"><span class='ocrx_word' id='word_1_36' title='bbox 59 1269 157 1343; x_wconf 81' lang='lat' dir='ltr'>trina</span> <span class='ocrx_word' id='word_1_37' title='bbox 179 1269 345 1344; x_wconf 88' lang='lat' dir='ltr'>Lucretii</span> <span class='ocrx_word' id='word_1_38' title='bbox 366 1271 607 1369; x_wconf 87' lang='lat' dir='ltr'>judicandum</span> <span class='ocrx_word' id='word_1_39' title='bbox 625 1282 694 1360; x_wconf 88' lang='lat' dir='ltr'>est,</span> <span class='ocrx_word' id='word_1_40' title='bbox 721 1270 819 1345; x_wconf 94' lang='lat' dir='ltr'>idem</span> <span class='ocrx_word' id='word_1_41' title='bbox 844 1271 1104 1345; x_wconf 89' lang='lat' dir='ltr'>intellexerunt</span> 
     </span>
    </p>
   </div>
   <div class='ocr_carea' id='block_1_4' title="bbox 55 1382 1123 4649">
    <p class='ocr_par' dir='ltr' id='par_1_5' title="bbox 60 1382 1103 1684">
     <span class='ocr_line' id='line_1_9' title="bbox 61 1382 1103 1481; baseline 0.002 -26"><span class='ocrx_word' id='word_1_42' title='bbox 61 1382 160 1479; x_wconf 91' lang='lat' dir='ltr'>quod</span> <span class='ocrx_word' id='word_1_43' title='bbox 194 1405 278 1479; x_wconf 87' lang='lat' dir='ltr'>ego,</span> <span class='ocrx_word' id='word_1_44' title='bbox 309 1407 453 1481; x_wconf 85' lang='lat' dir='ltr'>nempe,</span> <span class='ocrx_word' id='word_1_45' title='bbox 483 1384 606 1458; x_wconf 92' lang='lat' dir='ltr'>locum</span> <span class='ocrx_word' id='word_1_46' title='bbox 633 1384 734 1457; x_wconf 93' lang='lat' dir='ltr'>omni</span> <span class='ocrx_word' id='word_1_47' title='bbox 764 1407 917 1480; x_wconf 88' lang='lat' dir='ltr'>corpore</span> <span class='ocrx_word' id='word_1_48' title='bbox 946 1408 1103 1458; x_wconf 90' lang='lat' dir='ltr'>vacuum</span> 
     </span>
     <span class='ocr_line' id='line_1_10' title="bbox 60 1495 1102 1596; baseline 0.003 -27"><span class='ocrx_word' id='word_1_49' title='bbox 60 1495 194 1569; x_wconf 87' lang='lat' dir='ltr'>visibili</span> <span class='ocrx_word' id='word_1_50' title='bbox 211 1507 250 1568; x_wconf 88' lang='lat' dir='ltr'>et</span> <span class='ocrx_word' id='word_1_51' title='bbox 267 1496 451 1571; x_wconf 90' lang='lat' dir='ltr'>invisibili.</span> <span class='ocrx_word' id='word_1_52' title='bbox 495 1497 570 1571; x_wconf 86' lang='lat' dir='ltr'>Sed</span> <span class='ocrx_word' id='word_1_53' title='bbox 587 1510 624 1571; x_wconf 90' lang='lat' dir='ltr'>et</span> <span class='ocrx_word' id='word_1_54' title='bbox 641 1497 694 1570; x_wconf 92' lang='lat' dir='ltr'>illi</span> <span class='ocrx_word' id='word_1_55' title='bbox 711 1520 785 1571; x_wconf 90' lang='lat' dir='ltr'>non</span> <span class='ocrx_word' id='word_1_56' title='bbox 796 1497 975 1596; x_wconf 79' lang='lat' dir='ltr'>pleniatoe</span> <span class='ocrx_word' id='word_1_57' title='bbox 987 1497 1102 1585; x_wconf 88' lang='lat' dir='ltr'>fuere,</span> 
     </span>
     <span class='ocr_line' id='line_1_11' title="bbox 60 1608 328 1684; baseline 0.011 -3"><span class='ocrx_word' id='word_1_58' title='bbox 60 1608 124 1682; x_wconf 92' lang='lat' dir='ltr'>sed</span> <span class='ocrx_word' id='word_1_59' title='bbox 140 1609 328 1684; x_wconf 70' lang='lat' dir='ltr'>vacuata.</span> 
     </span>
    </p>

    <p class='ocr_par' dir='ltr' id='par_1_6' title="bbox 55 1721 1108 2723">
     <span class='ocr_line' id='line_1_12' title="bbox 120 1721 1104 1798; baseline 0.004 -4"><span class='ocrx_word' id='word_1_60' title='bbox 120 1721 315 1794; x_wconf 87' lang='lat' dir='ltr'>Hactenus</span> <span class='ocrx_word' id='word_1_61' title='bbox 349 1722 394 1796; x_wconf 93' lang='lat' dir='ltr'>de</span> <span class='ocrx_word' id='word_1_62' title='bbox 428 1734 561 1796; x_wconf 86' lang='lat' dir='ltr'>natura</span> <span class='ocrx_word' id='word_1_63' title='bbox 594 1722 699 1796; x_wconf 88' lang='lat' dir='ltr'>aeris.</span> <span class='ocrx_word' id='word_1_64' title='bbox 765 1722 1013 1798; x_wconf 82' lang='lat' dir='ltr'>Transeamus</span> <span class='ocrx_word' id='word_1_65' title='bbox 1055 1725 1104 1798; x_wconf 91' lang='lat' dir='ltr'>ad</span> 
     </span>
     <span class='ocr_line' id='line_1_13' title="bbox 61 1834 1104 1933; baseline 0.004 -27"><span class='ocrx_word' id='word_1_66' title='bbox 61 1858 205 1930; x_wconf 88' lang='lat' dir='ltr'>aquam.</span> <span class='ocrx_word' id='word_1_67' title='bbox 242 1834 283 1907; x_wconf 87' lang='lat' dir='ltr'>Si</span> <span class='ocrx_word' id='word_1_68' title='bbox 300 1837 337 1908; x_wconf 89' lang='lat' dir='ltr'>in</span> <span class='ocrx_word' id='word_1_69' title='bbox 354 1836 495 1932; x_wconf 88' lang='lat' dir='ltr'>pelvem</span> <span class='ocrx_word' id='word_1_70' title='bbox 513 1835 684 1909; x_wconf 85' lang='lat' dir='ltr'>infundas</span> <span class='ocrx_word' id='word_1_71' title='bbox 702 1860 848 1931; x_wconf 85' lang='lat' dir='ltr'>aquam,</span> <span class='ocrx_word' id='word_1_72' title='bbox 863 1850 901 1910; x_wconf 94' lang='lat' dir='ltr'>et</span> <span class='ocrx_word' id='word_1_73' title='bbox 918 1838 1104 1933; x_wconf 88' lang='lat' dir='ltr'>inaquam</span> 
     </span>
     <span class='ocr_line' id='line_1_14' title="bbox 63 1949 1105 2046; baseline 0.003 -26"><span class='ocrx_word' id='word_1_74' title='bbox 63 1959 293 2044; x_wconf 83' lang='lat' dir='ltr'>segmentum</span> <span class='ocrx_word' id='word_1_75' title='bbox 311 1949 424 2044; x_wconf 89' lang='lat' dir='ltr'>panni</span> <span class='ocrx_word' id='word_1_76' title='bbox 443 1949 539 2022; x_wconf 86' lang='lat' dir='ltr'>lanei</span> <span class='ocrx_word' id='word_1_77' title='bbox 564 1949 773 2045; x_wconf 90' lang='lat' dir='ltr'>oblongum,</span> <span class='ocrx_word' id='word_1_78' title='bbox 792 1952 896 2044; x_wconf 89' lang='lat' dir='ltr'>cujus</span> <span class='ocrx_word' id='word_1_79' title='bbox 921 1973 1006 2046; x_wconf 89' lang='lat' dir='ltr'>pars</span> <span class='ocrx_word' id='word_1_80' title='bbox 1030 1975 1105 2023; x_wconf 92' lang='lat' dir='ltr'>una</span> 
     </span>
     <span class='ocr_line' id='line_1_15' title="bbox 59 2060 1106 2159; baseline 0.004 -27"><span class='ocrx_word' id='word_1_81' title='bbox 59 2060 100 2132; x_wconf 87' lang='lat' dir='ltr'>in</span> <span class='ocrx_word' id='word_1_82' title='bbox 117 2084 250 2156; x_wconf 86' lang='lat' dir='ltr'>aquam</span> <span class='ocrx_word' id='word_1_83' title='bbox 269 2061 317 2132; x_wconf 91' lang='lat' dir='ltr'>sit</span> <span class='ocrx_word' id='word_1_84' title='bbox 334 2062 516 2149; x_wconf 87' lang='lat' dir='ltr'>immersa,</span> <span class='ocrx_word' id='word_1_85' title='bbox 535 2062 651 2134; x_wconf 89' lang='lat' dir='ltr'>altera</span> <span class='ocrx_word' id='word_1_86' title='bbox 669 2074 773 2135; x_wconf 85' lang='lat' dir='ltr'>extra</span> <span class='ocrx_word' id='word_1_87' title='bbox 789 2062 933 2159; x_wconf 92' lang='lat' dir='ltr'>pelvem</span> <span class='ocrx_word' id='word_1_88' title='bbox 949 2086 1106 2159; x_wconf 89' lang='lat' dir='ltr'>propen-</span> 
     </span>
     <span class='ocr_line' id='line_1_16' title="bbox 63 2173 1106 2269; baseline 0.001 -23"><span class='ocrx_word' id='word_1_89' title='bbox 63 2173 160 2261; x_wconf 90' lang='lat' dir='ltr'>deat,</span> <span class='ocrx_word' id='word_1_90' title='bbox 174 2197 272 2268; x_wconf 87' lang='lat' dir='ltr'>aqua</span> <span class='ocrx_word' id='word_1_91' title='bbox 281 2198 445 2268; x_wconf 89' lang='lat' dir='ltr'>pannum</span> <span class='ocrx_word' id='word_1_92' title='bbox 456 2173 557 2246; x_wconf 90' lang='lat' dir='ltr'>illum</span> <span class='ocrx_word' id='word_1_93' title='bbox 571 2175 748 2269; x_wconf 89' lang='lat' dir='ltr'>paulatim</span> <span class='ocrx_word' id='word_1_94' title='bbox 762 2174 964 2247; x_wconf 89' lang='lat' dir='ltr'>ascendens</span> <span class='ocrx_word' id='word_1_95' title='bbox 982 2175 1106 2247; x_wconf 89' lang='lat' dir='ltr'>made-</span> 
     </span>
     <span class='ocr_line' id='line_1_17' title="bbox 62 2285 1106 2384; baseline 0.002 -26"><span class='ocrx_word' id='word_1_96' title='bbox 62 2285 174 2360; x_wconf 81' lang='lat' dir='ltr'>faciet</span> <span class='ocrx_word' id='word_1_97' title='bbox 195 2310 309 2382; x_wconf 91' lang='lat' dir='ltr'>usque</span> <span class='ocrx_word' id='word_1_98' title='bbox 333 2285 381 2359; x_wconf 93' lang='lat' dir='ltr'>ad</span> <span class='ocrx_word' id='word_1_99' title='bbox 409 2285 525 2381; x_wconf 89' lang='lat' dir='ltr'>pelvis</span> <span class='ocrx_word' id='word_1_100' title='bbox 550 2286 717 2359; x_wconf 86' lang='lat' dir='ltr'>labrum:</span> <span class='ocrx_word' id='word_1_101' title='bbox 744 2300 783 2359; x_wconf 92' lang='lat' dir='ltr'>et</span> <span class='ocrx_word' id='word_1_102' title='bbox 813 2286 994 2384; x_wconf 87' lang='lat' dir='ltr'>siquidem</span> <span class='ocrx_word' id='word_1_103' title='bbox 1021 2312 1106 2383; x_wconf 86' lang='lat' dir='ltr'>pars</span> 
     </span>
     <span class='ocr_line' id='line_1_18' title="bbox 64 2399 1108 2497; baseline 0.001 -24"><span class='ocrx_word' id='word_1_104' title='bbox 64 2423 146 2495; x_wconf 83' lang='lat' dir='ltr'>quae</span> <span class='ocrx_word' id='word_1_105' title='bbox 163 2412 220 2472; x_wconf 90' lang='lat' dir='ltr'>est</span> <span class='ocrx_word' id='word_1_106' title='bbox 236 2410 342 2472; x_wconf 87' lang='lat' dir='ltr'>extra</span> <span class='ocrx_word' id='word_1_107' title='bbox 357 2400 513 2495; x_wconf 88' lang='lat' dir='ltr'>pelvem,</span> <span class='ocrx_word' id='word_1_108' title='bbox 530 2399 759 2496; x_wconf 87' lang='lat' dir='ltr'>propendeat</span> <span class='ocrx_word' id='word_1_109' title='bbox 782 2400 879 2473; x_wconf 84' lang='lat' dir='ltr'>infra</span> <span class='ocrx_word' id='word_1_110' title='bbox 901 2424 1006 2497; x_wconf 86' lang='lat' dir='ltr'>aquae</span> <span class='ocrx_word' id='word_1_111' title='bbox 1024 2425 1108 2497; x_wconf 84' lang='lat' dir='ltr'>quae</span> 
     </span>
     <span class='ocr_line' id='line_1_19' title="bbox 63 2513 1108 2609; baseline -0.001 -22"><span class='ocrx_word' id='word_1_112' title='bbox 63 2527 119 2587; x_wconf 92' lang='lat' dir='ltr'>est</span> <span class='ocrx_word' id='word_1_113' title='bbox 137 2514 177 2586; x_wconf 91' lang='lat' dir='ltr'>in</span> <span class='ocrx_word' id='word_1_114' title='bbox 195 2513 299 2608; x_wconf 89' lang='lat' dir='ltr'>pelve</span> <span class='ocrx_word' id='word_1_115' title='bbox 316 2513 557 2608; x_wconf 86' lang='lat' dir='ltr'>superficiem,</span> <span class='ocrx_word' id='word_1_116' title='bbox 575 2538 671 2609; x_wconf 85' lang='lat' dir='ltr'>aqua</span> <span class='ocrx_word' id='word_1_117' title='bbox 692 2513 874 2588; x_wconf 88' lang='lat' dir='ltr'>decurret.</span> <span class='ocrx_word' id='word_1_118' title='bbox 927 2515 1108 2589; x_wconf 79' lang='lat' dir='ltr'>Quaenam</span> 
     </span>
     <span class='ocr_line' id='line_1_20' title="bbox 55 2625 977 2723; baseline 0 -23"><span class='ocrx_word' id='word_1_119' title='bbox 55 2626 172 2723; x_wconf 83' lang='lat' dir='ltr'>bnjus</span> <span class='ocrx_word' id='word_1_120' title='bbox 190 2626 342 2699; x_wconf 87' lang='lat' dir='ltr'>effectus</span> <span class='ocrx_word' id='word_1_121' title='bbox 359 2650 382 2697; x_wconf 92' lang='lat' dir='ltr'>a</span> <span class='ocrx_word' id='word_1_122' title='bbox 399 2625 549 2721; x_wconf 88' lang='lat' dir='ltr'>collegis</span> <span class='ocrx_word' id='word_1_123' title='bbox 566 2627 640 2699; x_wconf 92' lang='lat' dir='ltr'>tuis</span> <span class='ocrx_word' id='word_1_124' title='bbox 658 2651 768 2700; x_wconf 86' lang='lat' dir='ltr'>causa</span> <span class='ocrx_word' id='word_1_125' title='bbox 785 2626 977 2701; x_wconf 82' lang='lat' dir='ltr'>redditur?</span> 
     </span>
    </p>

    <p class='ocr_par' dir='ltr' id='par_1_7' title="bbox 56 2736 1110 3052">
     <span class='ocr_line' id='line_1_21' title="bbox 114 2736 1109 2836; baseline 0 -24"><span class='ocrx_word' id='word_1_126' title='bbox 114 2739 166 2813; x_wconf 94' lang='lat' dir='ltr'>B.</span> <span class='ocrx_word' id='word_1_127' title='bbox 193 2737 296 2810; x_wconf 91' lang='lat' dir='ltr'>Nihil</span> <span class='ocrx_word' id='word_1_128' title='bbox 318 2736 364 2809; x_wconf 92' lang='lat' dir='ltr'>de</span> <span class='ocrx_word' id='word_1_129' title='bbox 394 2761 439 2811; x_wconf 88' lang='lat' dir='ltr'>ea</span> <span class='ocrx_word' id='word_1_130' title='bbox 466 2762 505 2811; x_wconf 92' lang='lat' dir='ltr'>re</span> <span class='ocrx_word' id='word_1_131' title='bbox 532 2738 657 2811; x_wconf 88' lang='lat' dir='ltr'>audivi</span> <span class='ocrx_word' id='word_1_132' title='bbox 683 2741 876 2828; x_wconf 79' lang='lat' dir='ltr'>hactenuS,</span> <span class='ocrx_word' id='word_1_133' title='bbox 907 2741 979 2813; x_wconf 90' lang='lat' dir='ltr'>nisi</span> <span class='ocrx_word' id='word_1_134' title='bbox 1010 2739 1109 2836; x_wconf 91' lang='lat' dir='ltr'>quod</span> 
     </span>
     <span class='ocr_line' id='line_1_22' title="bbox 56 2851 1110 2950; baseline 0 -24"><span class='ocrx_word' id='word_1_135' title='bbox 56 2854 336 2950; x_wconf 54' lang='lat' dir='ltr'>&gt;phaenomenon</span> <span class='ocrx_word' id='word_1_136' title='bbox 360 2851 444 2941; x_wconf 91' lang='lat' dir='ltr'>hoc,</span> <span class='ocrx_word' id='word_1_137' title='bbox 465 2864 503 2924; x_wconf 91' lang='lat' dir='ltr'>et</span> <span class='ocrx_word' id='word_1_138' title='bbox 525 2851 617 2925; x_wconf 93' lang='lat' dir='ltr'>illud</span> <span class='ocrx_word' id='word_1_139' title='bbox 646 2852 803 2926; x_wconf 86' lang='lat' dir='ltr'>alterurn</span> <span class='ocrx_word' id='word_1_140' title='bbox 833 2855 995 2950; x_wconf 91' lang='lat' dir='ltr'>siphonis</span> <span class='ocrx_word' id='word_1_141' title='bbox 1024 2853 1110 2927; x_wconf 87' lang='lat' dir='ltr'>flexi</span> 
     </span>
     <span class='ocr_line' id='line_1_23' title="bbox 65 2964 841 3052; baseline -0.003 -12"><span class='ocrx_word' id='word_1_142' title='bbox 65 2966 140 3040; x_wconf 89' lang='lat' dir='ltr'>sive</span> <span class='ocrx_word' id='word_1_143' title='bbox 157 2964 310 3052; x_wconf 90' lang='lat' dir='ltr'>bicruri,</span> <span class='ocrx_word' id='word_1_144' title='bbox 328 2988 475 3038; x_wconf 90' lang='lat' dir='ltr'>causam</span> <span class='ocrx_word' id='word_1_145' title='bbox 493 2964 656 3037; x_wconf 90' lang='lat' dir='ltr'>babeant</span> <span class='ocrx_word' id='word_1_146' title='bbox 674 2964 841 3040; x_wconf 88' lang='lat' dir='ltr'>eandem.</span> 
     </span>
    </p>

    <p class='ocr_par' dir='ltr' id='par_1_8' title="bbox 56 3075 1123 4649">
     <span class='ocr_line' id='line_1_24' title="bbox 116 3075 1111 3176; baseline 0 -24"><span class='ocrx_word' id='word_1_147' title='bbox 116 3078 166 3152; x_wconf 89' lang='grc' dir='ltr'>Α.</span> <span class='ocrx_word' id='word_1_148' title='bbox 194 3076 240 3150; x_wconf 92' lang='lat' dir='ltr'>ld</span> <span class='ocrx_word' id='word_1_149' title='bbox 261 3099 350 3149; x_wconf 88' lang='lat' dir='ltr'>vero</span> <span class='ocrx_word' id='word_1_150' title='bbox 376 3075 602 3173; x_wconf 86' lang='lat' dir='ltr'>impossibile</span> <span class='ocrx_word' id='word_1_151' title='bbox 628 3089 696 3150; x_wconf 90' lang='lat' dir='ltr'>est.</span> <span class='ocrx_word' id='word_1_152' title='bbox 747 3078 845 3150; x_wconf 91' lang='lat' dir='ltr'>Nam</span> <span class='ocrx_word' id='word_1_153' title='bbox 875 3079 914 3152; x_wconf 91' lang='lat' dir='ltr'>in</span> <span class='ocrx_word' id='word_1_154' title='bbox 944 3080 1111 3176; x_wconf 89' lang='lat' dir='ltr'>siphone,</span> 
     </span>
     <span class='ocr_line' id='line_1_25' title="bbox 65 3188 1112 3286; baseline 0 -22"><span class='ocrx_word' id='word_1_155' title='bbox 65 3190 137 3264; x_wconf 90' lang='lat' dir='ltr'>nisi</span> <span class='ocrx_word' id='word_1_156' title='bbox 153 3189 264 3263; x_wconf 87' lang='lat' dir='ltr'>ambo</span> <span class='ocrx_word' id='word_1_157' title='bbox 283 3211 391 3266; x_wconf 85' lang='lat' dir='ltr'>crura</span> <span class='ocrx_word' id='word_1_158' title='bbox 407 3212 504 3283; x_wconf 89' lang='lat' dir='ltr'>aqua</span> <span class='ocrx_word' id='word_1_159' title='bbox 520 3188 755 3284; x_wconf 85' lang='lat' dir='ltr'>impleantur,</span> <span class='ocrx_word' id='word_1_160' title='bbox 769 3213 866 3284; x_wconf 88' lang='lat' dir='ltr'>aqua</span> <span class='ocrx_word' id='word_1_161' title='bbox 883 3214 903 3264; x_wconf 94' lang='lat' dir='ltr'>e</span> <span class='ocrx_word' id='word_1_162' title='bbox 920 3191 1017 3286; x_wconf 90' lang='lat' dir='ltr'>pelvi</span> <span class='ocrx_word' id='word_1_163' title='bbox 1036 3216 1112 3264; x_wconf 92' lang='lat' dir='ltr'>non</span> 
     </span>
     <span class='ocr_line' id='line_1_26' title="bbox 65 3301 1111 3398; baseline 0 -22"><span class='ocrx_word' id='word_1_164' title='bbox 65 3301 251 3376; x_wconf 82' lang='lat' dir='ltr'>ascendet.</span> <span class='ocrx_word' id='word_1_165' title='bbox 295 3301 528 3374; x_wconf 88' lang='lat' dir='ltr'>Ascensionis</span> <span class='ocrx_word' id='word_1_166' title='bbox 546 3325 658 3374; x_wconf 86' lang='lat' dir='ltr'>causa</span> <span class='ocrx_word' id='word_1_167' title='bbox 677 3302 715 3374; x_wconf 90' lang='lat' dir='ltr'>in</span> <span class='ocrx_word' id='word_1_168' title='bbox 732 3327 896 3398; x_wconf 90' lang='lat' dir='ltr'>pannum</span> <span class='ocrx_word' id='word_1_169' title='bbox 914 3317 970 3378; x_wconf 90' lang='lat' dir='ltr'>est</span> <span class='ocrx_word' id='word_1_170' title='bbox 988 3316 1111 3378; x_wconf 89' lang='lat' dir='ltr'>motus</span> 
     </span>
     <span class='ocr_line' id='line_1_27' title="bbox 65 3415 1112 3514; baseline -0.002 -24"><span class='ocrx_word' id='word_1_171' title='bbox 65 3417 125 3490; x_wconf 90' lang='lat' dir='ltr'>ille</span> <span class='ocrx_word' id='word_1_172' title='bbox 142 3428 348 3489; x_wconf 81' lang='lat' dir='ltr'>terreorum</span> <span class='ocrx_word' id='word_1_173' title='bbox 362 3415 569 3486; x_wconf 84' lang='lat' dir='ltr'>atomorum</span> <span class='ocrx_word' id='word_1_174' title='bbox 585 3438 667 3509; x_wconf 89' lang='lat' dir='ltr'>quae</span> <span class='ocrx_word' id='word_1_175' title='bbox 685 3439 791 3510; x_wconf 84' lang='lat' dir='ltr'>aquae</span> <span class='ocrx_word' id='word_1_176' title='bbox 809 3416 994 3514; x_wconf 84' lang='lat' dir='ltr'>contiguae</span> <span class='ocrx_word' id='word_1_177' title='bbox 1012 3429 1112 3507; x_wconf 90' lang='lat' dir='ltr'>sunt,</span> 
     </span>
     <span class='ocr_line' id='line_1_28' title="bbox 56 3527 1112 3627; baseline -0.001 -24"><span class='ocrx_word' id='word_1_178' title='bbox 56 3543 202 3617; x_wconf 88' lang='lat' dir='ltr'>motus,</span> <span class='ocrx_word' id='word_1_179' title='bbox 234 3529 397 3623; x_wconf 88' lang='lat' dir='ltr'>inquam,</span> <span class='ocrx_word' id='word_1_180' title='bbox 427 3528 616 3601; x_wconf 84' lang='lat' dir='ltr'>circularis</span> <span class='ocrx_word' id='word_1_181' title='bbox 646 3527 814 3624; x_wconf 85' lang='lat' dir='ltr'>simplex,</span> <span class='ocrx_word' id='word_1_182' title='bbox 849 3532 926 3604; x_wconf 88' lang='lat' dir='ltr'>aeri</span> <span class='ocrx_word' id='word_1_183' title='bbox 949 3532 999 3605; x_wconf 78' lang='lat' dir='ltr'>&#39;in</span> <span class='ocrx_word' id='word_1_184' title='bbox 1038 3555 1112 3627; x_wconf 91' lang='lat' dir='ltr'>quo</span> 
     </span>
     <span class='ocr_line' id='line_1_29' title="bbox 65 3641 1113 3741; baseline -0.001 -24"><span class='ocrx_word' id='word_1_185' title='bbox 65 3655 263 3717; x_wconf 84' lang='lat' dir='ltr'>moventur</span> <span class='ocrx_word' id='word_1_186' title='bbox 280 3641 593 3714; x_wconf 88' lang='lat' dir='ltr'>communicatus:</span> <span class='ocrx_word' id='word_1_187' title='bbox 620 3665 702 3736; x_wconf 78' lang='lat' dir='ltr'>quae</span> <span class='ocrx_word' id='word_1_188' title='bbox 728 3643 843 3716; x_wconf 89' lang='lat' dir='ltr'>atomi</span> <span class='ocrx_word' id='word_1_189' title='bbox 870 3668 1003 3741; x_wconf 91' lang='lat' dir='ltr'>aquam</span> <span class='ocrx_word' id='word_1_190' title='bbox 1026 3644 1113 3717; x_wconf 87' lang='lat' dir='ltr'>feri-</span> 
     </span>
     <span class='ocr_line' id='line_1_30' title="bbox 58 3754 1114 3845; baseline -0.002 -13"><span class='ocrx_word' id='word_1_191' title='bbox 58 3770 172 3832; x_wconf 79' lang='lat' dir='ltr'>entes</span> <span class='ocrx_word' id='word_1_192' title='bbox 214 3756 253 3829; x_wconf 94' lang='lat' dir='ltr'>in</span> <span class='ocrx_word' id='word_1_193' title='bbox 296 3754 489 3829; x_wconf 89' lang='lat' dir='ltr'>materiam</span> <span class='ocrx_word' id='word_1_194' title='bbox 531 3755 676 3827; x_wconf 89' lang='lat' dir='ltr'>laneam</span> <span class='ocrx_word' id='word_1_195' title='bbox 716 3756 914 3845; x_wconf 90' lang='lat' dir='ltr'>incutiunt,</span> <span class='ocrx_word' id='word_1_196' title='bbox 955 3758 1114 3832; x_wconf 83' lang='lat' dir='ltr'>incussae</span> 
     </span>
     <span class='ocr_line' id='line_1_31' title="bbox 58 3867 1116 3965; baseline -0.004 -19"><span class='ocrx_word' id='word_1_197' title='bbox 58 3882 192 3946; x_wconf 85' lang='lat' dir='ltr'>autem</span> <span class='ocrx_word' id='word_1_198' title='bbox 209 3869 326 3965; x_wconf 85' lang='lat' dir='ltr'>magis</span> <span class='ocrx_word' id='word_1_199' title='bbox 345 3870 534 3964; x_wconf 82' lang='lat' dir='ltr'>magisque</span> <span class='ocrx_word' id='word_1_200' title='bbox 553 3867 811 3959; x_wconf 84' lang='lat' dir='ltr'>madefaciunt,</span> <span class='ocrx_word' id='word_1_201' title='bbox 831 3869 948 3945; x_wconf 91' lang='lat' dir='ltr'>donec</span> <span class='ocrx_word' id='word_1_202' title='bbox 967 3870 1116 3944; x_wconf 88' lang='lat' dir='ltr'>madida</span> 
     </span>
     <span class='ocr_line' id='line_1_32' title="bbox 58 3979 1116 4071; baseline -0.005 -13"><span class='ocrx_word' id='word_1_203' title='bbox 58 3996 149 4059; x_wconf 83' lang='lat' dir='ltr'>tota</span> <span class='ocrx_word' id='word_1_204' title='bbox 166 3984 225 4056; x_wconf 91' lang='lat' dir='ltr'>sit.</span> <span class='ocrx_word' id='word_1_205' title='bbox 290 3981 383 4054; x_wconf 86' lang='lat' dir='ltr'>Cum</span> <span class='ocrx_word' id='word_1_206' title='bbox 411 4004 500 4053; x_wconf 89' lang='lat' dir='ltr'>vero</span> <span class='ocrx_word' id='word_1_207' title='bbox 528 3992 607 4054; x_wconf 93' lang='lat' dir='ltr'>tota</span> <span class='ocrx_word' id='word_1_208' title='bbox 637 3979 784 4053; x_wconf 89' lang='lat' dir='ltr'>madida</span> <span class='ocrx_word' id='word_1_209' title='bbox 810 3983 932 4071; x_wconf 85' lang='lat' dir='ltr'>fuerit,</span> <span class='ocrx_word' id='word_1_210' title='bbox 963 3997 1055 4059; x_wconf 91' lang='lat' dir='ltr'>tunc</span> <span class='ocrx_word' id='word_1_211' title='bbox 1085 3982 1116 4054; x_wconf 93' lang='lat' dir='ltr'>si</span> 
     </span>
     <span class='ocr_line' id='line_1_33' title="bbox 68 4093 1116 4194; baseline -0.005 -23"><span class='ocrx_word' id='word_1_212' title='bbox 68 4121 153 4193; x_wconf 88' lang='lat' dir='ltr'>pars</span> <span class='ocrx_word' id='word_1_213' title='bbox 177 4094 292 4192; x_wconf 86' lang='lat' dir='ltr'>panni</span> <span class='ocrx_word' id='word_1_214' title='bbox 316 4105 420 4167; x_wconf 87' lang='lat' dir='ltr'>extra</span> <span class='ocrx_word' id='word_1_215' title='bbox 442 4093 586 4189; x_wconf 91' lang='lat' dir='ltr'>pelvem</span> <span class='ocrx_word' id='word_1_216' title='bbox 611 4095 802 4190; x_wconf 87' lang='lat' dir='ltr'>superficie</span> <span class='ocrx_word' id='word_1_217' title='bbox 829 4119 934 4191; x_wconf 88' lang='lat' dir='ltr'>aquae</span> <span class='ocrx_word' id='word_1_218' title='bbox 962 4121 1047 4194; x_wconf 82' lang='lat' dir='ltr'>quae</span> <span class='ocrx_word' id='word_1_219' title='bbox 1078 4095 1116 4166; x_wconf 92' lang='lat' dir='ltr'>in</span> 
     </span>
     <span class='ocr_line' id='line_1_34' title="bbox 70 4206 1119 4306; baseline -0.004 -23"><span class='ocrx_word' id='word_1_220' title='bbox 70 4210 175 4306; x_wconf 84' lang='lat' dir='ltr'>pelve</span> <span class='ocrx_word' id='word_1_221' title='bbox 208 4218 266 4281; x_wconf 90' lang='lat' dir='ltr'>est</span> <span class='ocrx_word' id='word_1_222' title='bbox 295 4206 447 4280; x_wconf 85' lang='lat' dir='ltr'>inferior</span> <span class='ocrx_word' id='word_1_223' title='bbox 479 4207 538 4295; x_wconf 91' lang='lat' dir='ltr'>sit,</span> <span class='ocrx_word' id='word_1_224' title='bbox 566 4231 661 4302; x_wconf 87' lang='lat' dir='ltr'>aqua</span> <span class='ocrx_word' id='word_1_225' title='bbox 690 4232 947 4305; x_wconf 77' lang='lat' dir='ltr'>perpennam</span> <span class='ocrx_word' id='word_1_226' title='bbox 980 4208 1119 4281; x_wconf 87' lang='lat' dir='ltr'>defluet</span> 
     </span>
     <span class='ocr_line' id='line_1_35' title="bbox 71 4322 1118 4421; baseline -0.004 -23"><span class='ocrx_word' id='word_1_227' title='bbox 71 4336 225 4421; x_wconf 87' lang='lat' dir='ltr'>propter</span> <span class='ocrx_word' id='word_1_228' title='bbox 260 4344 449 4395; x_wconf 84' lang='lat' dir='ltr'>excessum</span> <span class='ocrx_word' id='word_1_229' title='bbox 491 4322 681 4417; x_wconf 87' lang='lat' dir='ltr'>gravitatis</span> <span class='ocrx_word' id='word_1_230' title='bbox 716 4347 821 4418; x_wconf 88' lang='lat' dir='ltr'>aquae</span> <span class='ocrx_word' id='word_1_231' title='bbox 852 4323 889 4395; x_wconf 90' lang='lat' dir='ltr'>in</span> <span class='ocrx_word' id='word_1_232' title='bbox 925 4333 1118 4421; x_wconf 86' lang='lat' dir='ltr'>segmento</span> 
     </span>
     <span class='ocr_line' id='line_1_36' title="bbox 73 4433 1121 4533; baseline -0.004 -23"><span class='ocrx_word' id='word_1_233' title='bbox 73 4439 186 4532; x_wconf 86' lang='lat' dir='ltr'>panni</span> <span class='ocrx_word' id='word_1_234' title='bbox 211 4447 363 4509; x_wconf 88' lang='lat' dir='ltr'>externo</span> <span class='ocrx_word' id='word_1_235' title='bbox 392 4458 502 4531; x_wconf 88' lang='lat' dir='ltr'>super</span> <span class='ocrx_word' id='word_1_236' title='bbox 526 4436 746 4531; x_wconf 87' lang='lat' dir='ltr'>gravitatem</span> <span class='ocrx_word' id='word_1_237' title='bbox 776 4437 855 4531; x_wconf 88' lang='lat' dir='ltr'>ejus</span> <span class='ocrx_word' id='word_1_238' title='bbox 884 4461 968 4533; x_wconf 88' lang='lat' dir='ltr'>quae</span> <span class='ocrx_word' id='word_1_239' title='bbox 997 4433 1121 4506; x_wconf 88' lang='lat' dir='ltr'>estin</span> 
     </span>
     <span class='ocr_line' id='line_1_37' title="bbox 75 4547 1123 4649; baseline -0.004 -25"><span class='ocrx_word' id='word_1_240' title='bbox 75 4560 265 4648; x_wconf 88' lang='lat' dir='ltr'>segmento</span> <span class='ocrx_word' id='word_1_241' title='bbox 283 4549 381 4622; x_wconf 87' lang='lat' dir='ltr'>intra</span> <span class='ocrx_word' id='word_1_242' title='bbox 399 4549 551 4644; x_wconf 91' lang='lat' dir='ltr'>pelvem.</span> <span class='ocrx_word' id='word_1_243' title='bbox 607 4549 704 4625; x_wconf 92' lang='lat' dir='ltr'>Nam</span> <span class='ocrx_word' id='word_1_244' title='bbox 721 4550 916 4648; x_wconf 85' lang='lat' dir='ltr'>gravitatis</span> <span class='ocrx_word' id='word_1_245' title='bbox 933 4547 1123 4649; x_wconf 86' lang='lat' dir='ltr'>quantitas</span> 
     </span>
    </p>
   </div>
   <div class='ocr_carea' id='block_1_5' title="bbox 0 0 1336 5092">
    <p class='ocr_par' dir='ltr' id='par_1_9' title="bbox 0 0 1336 5092">
     <span class='ocr_line' id='line_1_38' title="bbox 0 0 1336 5092; baseline 0 0"><span class='ocrx_word' id='word_1_246' title='bbox 0 0 1336 5092; x_wconf 95' lang='lat' dir='ltr'> </span> 
     </span>
    </p>
   </div>
  </div>
 </body>
</html>
