2618 5092
285 119 603 174 Maruunnrrcn
625 121 868 172 nonrunnn.
1050 107 1096 172 63

55 296 221 359 surautur
246 310 273 360 a
290 287 392 361 linea
408 298 520 376 recta,
546 313 629 386 qnae
652 289 799 362 ducitur
818 312 842 361 a
856 297 994 385 puncto
1012 310 1100 361 con·
1136 312 1287 354 aramum

54 411 166 474 tactus
183 425 258 498 per
274 402 469 499 utriusque
486 402 829 477 circumferentiam.
1140 394 1284 499 ᾧ...

98 515 147 589 Β.
174 515 472 612 Intelligendum
498 528 554 591 est
577 517 649 592 hoc
675 517 722 590 de
746 515 882 614 angulo
908 523 1100 589 contactus

55 627 178 702 circuli
194 638 363 704 tautum.
1016 699 1021 707 i

100 741 151 816 Α.
177 741 263 816 Imo
276 766 369 816 vero
383 743 429 817 de
441 743 585 841 angulis
597 753 787 818 contectus
800 765 1099 840 quarumcunque

56 877 266 946 curvarum,
295 855 409 930 modo
440 857 576 931 similes
605 857 702 942 sint;
736 857 802 930 sed
835 855 982 953 quando
1013 867 1101 930 sunt

57 966 263 1058 dissimiles,
290 979 403 1042 erunt
430 969 556 1067 anguli
589 981 783 1044 contactus
810 992 938 1044 eorum
964 968 1100 1042 iterum

58 1079 191 1155 diversi
207 1081 370 1177 generis.

103 1190 151 1268 Β.
178 1193 359 1268 Definitio
384 1216 483 1267 noua
511 1203 580 1284 est,
610 1193 830 1269 rectilineus
856 1191 1016 1291 angam
1042 1203 1101 1268 eet

58 1331 158 1405 quern
174 1307 364 1383 continent
379 1307 459 1382 duo
474 1316 597 1384 recto.
649 1307 855 1383 Probamne
875 1329 954 1382 esse
970 1308 1098 1404 putas?

103 1419 152 1496 A.
179 1421 250 1496 Ita.

106 1535 156 1610 Β.
183 1535 224 1610 Si
251 1534 329 1610 duo
355 1558 462 1610 arcus
493 1536 621 1610 circuli
650 1559 690 1611 se
719 1547 847 1610 mutuo
876 1545 1012 1624 secent,
1041 1535 1098 1609 vel

57 1672 163 1724 arcus
192 1660 232 1723 et
259 1660 376 1739 recta,
402 1650 559 1746 angulus
587 1674 697 1748 quem
721 1650 863 1724 faciunt
888 1648 1100 1722 rectilineus

57 1784 131 1837 uon
154 1773 224 1854 est,
250 1785 372 1860 neque
396 1762 552 1860 angulus
577 1773 781 1838 contactus.
833 1761 961 1838 Qualis
986 1761 1100 1858 igitur

59 1886 113 1950 est
127 1875 288 1973 angulus
302 1875 316 1949 l

106 1988 156 2063 A.
182 1989 251 2063 Est
280 1986 438 2085 angulus
464 1987 678 2085 simpliciter
706 1987 838 2062 dictus.
889 1987 977 2062 Non
1000 1988 1098 2061 enim

59 2115 226 2178 enatura
238 2101 420 2176 linearum
433 2101 617 2199 dependet
631 2113 768 2176 natura
782 2101 919 2199 anguli.
971 2102 1101 2175 Potest

60 2215 153 2290 euim
179 2239 204 2290 o
225 2239 341 2289 curva
366 2214 463 2288 linea
487 2215 526 2288 in
552 2214 663 2312 plano
682 2217 831 2313 jacente
855 2215 1014 2289 circulus
1037 2216 1100 2289 de-

60 2327 176 2414 scribi,
199 2339 240 2403 ct
255 2351 365 2402 arcus
380 2328 606 2425 interceptus
629 2328 728 2402 idem
754 2330 826 2403 erit
848 2353 892 2403 ac
910 2330 941 2402 si
958 2353 982 2402 a
996 2339 1100 2403 recta

61 2438 338 2533 describeretur,
368 2453 407 2515 et
432 2440 588 2539 proinde
616 2442 730 2516 enam
761 2443 888 2540 anguli
913 2442 1099 2538 quantitas

60 2552 285 2629 ademerit.

103 2667 282 2743 Definitio
309 2667 452 2742 decima
479 2678 535 2742 est
554 2668 680 2765 auguli
697 2668 801 2757 recti,
826 2677 864 2741 et
886 2680 998 2741 rectae
1015 2690 1099 2765 per-

60 2781 315 2876 pendicularis,
327 2803 460 2878 nempe
476 2780 578 2854 haec:
603 2805 684 2856 cnon
700 2790 806 2854 recto
828 2803 943 2878 nuper
959 2789 1099 2854 rectam

62 2896 275 2986 emnem,
299 2892 460 2994 angulos
487 2893 549 2992 qni
564 2904 649 2968 sont
672 2893 849 2992 deinceps
865 2892 1100 2991 (equalesse-

63 3009 416 3093 oeri13rectoeeet
444 3016 601 3108 uterque
629 3006 823 3106 oeqeclinm
852 3005 1098 3106 angulorum,-

63 3130 95 3193 et
117 3129 226 3196 recto
249 3120 440 3211 insistens,
461 3119 796 3220 perpendicularis
822 3119 963 3194 dicitur
991 3119 1098 3192 linere

63 3235 117 3307 coi
140 3234 297 3308 insistit.
350 3233 559 3331 Sequuntur
584 3234 816 3308 definitiones
839 3233 1035 3307 undecima
1059 3244 1098 3307 et

63 3345 274 3422 duodecima
300 3347 520 3443 angulorum
543 3347 665 3421 obtusi
685 3357 723 3420 et
739 3347 850 3436 ecuti,
871 3346 1098 3421 brevissimae

62 3460 162 3535 simul
187 3473 226 3534 et
250 3460 484 3546 rectissimoe3
510 3460 694 3554 nimirum,
721 3469 825 3534 recto
842 3459 936 3534 icoc
953 3461 1097 3558 quidem

65 3574 490 3666 nimrnntttnnanom
502 3577 677 3672 mojorem
691 3598 784 3648 esse.
816 3574 954 3648 Verum
967 3573 1097 3646 divisio

65 3680 137 3760 hec
151 3690 192 3763 in
207 3688 385 3780 obtectum,
404 3697 554 3783 rectam,
573 3697 786 3778 eteoclem,
804 3687 940 3784 angulo
958 3686 1096 3782 simpli-

67 3795 150 3873 citer
170 3801 272 3877 dicto
293 3802 361 3877 soli
378 3803 562 3879 convenit.
614 3802 788 3876 Definitio
805 3801 949 3875 decima
964 3799 1096 3883 tertia;

68 3913 234 3989 Mnus
250 3925 320 4007 eet,
337 3916 441 4015 qood
454 3915 613 4013 clnujno
630 3924 829 3989 extremum
844 3923 912 3987 est.

110 4022 154 4104 Β.
179 4027 312 4127 Neque
336 4029 503 4106 definitio
530 4030 704 4119 estham,
730 4028 817 4125 quie
841 4051 912 4101 vox
935 4049 1010 4099 una
1030 4047 1098 4122 per
