2618 5092
47 840 108 883 ΞΔΡ.
123 842 190 887 xtx.

47 912 189 943 -v-d

47 969 142 1027 maduo

47 1033 173 1081 chamle

47 1098 182 1155 afficta

233 638 308 704 446
377 650 433 705 DE
452 650 687 705 valuernut
705 650 759 705 H
775 646 1150 705 narloommomt

233 816 366 915 Itaque
392 818 551 915 angulus
573 816 797 893 semicirculi
811 814 950 915 angulo
966 826 1078 891 recto
1095 814 1274 891 mimilincc

231 944 290 1005 est
305 931 470 1028 aequalis.

283 1044 413 1141 Itaque
439 1042 678 1119 manifestum
706 1051 764 1117 est
791 1040 972 1139 angulum
1005 1040 1272 1141 contingentia,

233 1158 303 1232 etsi
319 1157 507 1256 quantitas
520 1156 582 1242 sit,
599 1179 675 1231 non
697 1168 825 1231 tamen
954 1154 1206 1254 quantitatem
1219 1182 1275 1232 an-

232 1272 324 1370 guli,
341 1271 407 1346 sed
433 1270 682 1368 quantitatem
707 1268 845 1345 diversi
863 1270 1027 1369 generis,
1043 1292 1181 1369 nempe
1201 1294 1274 1345 cur-

233 1385 397 1459 vedinis:
423 1398 466 1459 ut
482 1408 595 1483 supra
610 1396 801 1459 ostensum
817 1392 886 1459 est.
937 1382 1094 1459 Erravit
1105 1408 1198 1485 ergo
1212 1386 1274 1461 ltoc

232 1497 316 1572 loco
349 1497 535 1587 Euclides,
569 1498 747 1595 deceptus
776 1520 802 1571 a
827 1495 1034 1595 suiipsius
1069 1496 1273 1574 definitione

231 1611 372 1707 puncti.
425 1612 468 1686 In
499 1610 753 1686 controversia
777 1621 904 1685 antem
929 1610 1034 1685 inter
1052 1611 1224 1687 Cluvium
1241 1626 1274 1688 et

231 1724 469 1799 Pelletarium
496 1723 544 1799 de
569 1724 707 1821 angulo
741 1736 950 1813 conmotus,
979 1724 1123 1800 veritas
1156 1739 1274 1802 erata

229 1850 337 1934 parte
354 1838 560 1913 Pelletarii:
585 1838 649 1935 qui
677 1836 854 1912 sustinuit
877 1836 1059 1934 angulum
1089 1852 1273 1915 mutactu

230 1950 476 2047 quantitatem
492 1975 570 2025 non
585 1974 669 2025 esse
684 1950 784 2025 illius
795 1950 935 2048 anguli,
945 1961 986 2024 et
1001 1952 1164 2050 angulus
1179 1954 1274 2029 semi·

230 2064 454 2140 circulorum
470 2076 593 2139 rectos
616 2086 697 2139 esse
721 2085 861 2153 omnes,
878 2075 919 2136 et
932 2062 1036 2137 inter
1051 2088 1094 2139 sa
1110 2066 1272 2164 oequales

282 2177 395 2252 Quod
410 2188 537 2251 autem
553 2175 683 2273 anguli
699 2174 951 2249 semicirculo-
1001 2222 1019 2258 ,
1260 2188 1273 2223 ¹

231 2313 313 2363 rum
341 2302 428 2363 sunt
455 2291 554 2363 inter
580 2312 620 2362 se
644 2288 813 2385 aquales,
830 2310 877 2360 ex
903 2310 950 2363 eo
1001 2314 1021 2351 υ
1231 2326 1247 2363 a

231 2426 377 2498 quoque
403 2402 609 2497 intelligere
634 2413 740 2495 potes
764 2400 864 2498 quod
892 2425 954 2474 su-

232 2539 300 2610 pra
317 2514 585 2598 demonstravi;
610 2514 784 2587 similium
801 2538 954 2588 arcuum
1181 2576 1197 2610 „
1234 2505 1247 2541 ⁰

231 2627 391 2723 aequales
421 2650 500 2699 esse
528 2627 757 2700 curvedines.
822 2628 954 2723 Itaque
1031 2674 1046 2702 r

232 2739 427 2836 descriptis
445 2740 588 2813 duobus
606 2742 810 2815 sectoribus
824 2740 1016 2829 similibus,
1030 2740 1145 2828 Assc,
1159 2739 1272 2819 ADllt

232 2852 423 2949 ductisque
435 2853 671 2949 tangentibus
683 2854 755 2941 BF,
767 2853 846 2940 DG,
860 2867 899 2927 et
912 2852 1100 2926 subtensis
1115 2852 1272 2941 Boos:

230 2967 419 3063 aequaliter
436 2966 677 3040 declinabunt
698 2991 805 3040 arcus
824 2967 901 3055 BC,
913 2967 1019 3041 DEa
1041 2965 1273 3062 tangentibus

231 3081 304 3169 FB,
319 3080 398 3169 DG,
416 3091 568 3177 propter
585 3080 834 3176 aequalitatem
848 3079 1062 3154 curvedinis
1080 3081 1157 3152 sive
1179 3077 1274 3151 flexi-

232 3193 313 3267 onis
330 3193 458 3290 primae
475 3218 498 3266 a
514 3194 663 3289 punctis
682 3194 712 3265 B
730 3206 768 3267 ct
785 3195 833 3268 D.
875 3193 1054 3290 AEquales
1072 3217 1164 3288 ergo
1181 3206 1275 3265 utro·

230 3306 340 3404 bique
351 3320 437 3381 sunt
454 3306 580 3402 anguli
598 3307 876 3403 contingentia,
888 3320 940 3397 et,
953 3330 1021 3404 per
1037 3326 1274 3402 consequens,

230 3419 342 3491 ctiam
360 3420 486 3516 anguli
504 3419 831 3494 semicirculorum.

279 3531 469 3604 Judiccbis
493 3533 582 3605 item
606 3532 652 3605 de
677 3531 849 3606 doctrina
875 3532 946 3605 hac
966 3531 1088 3604 Cluvii
1110 3555 1159 3604 ex
1175 3530 1273 3604 foetu.

231 3643 328 3715 Nam
346 3658 512 3718 monstra
528 3647 614 3720 inde
632 3658 721 3719 nata
738 3658 835 3720 sunt.
867 3645 1033 3718 Primum
1050 3644 1124 3718 hoc
1142 3645 1274 3740 ipsum:

231 3756 406 3854 Angelos
428 3759 739 3832 semicirculorum
767 3784 850 3832 esse
874 3758 1107 3856 inequales:
1133 3772 1276 3832 conua-

230 3869 326 3942 rium
353 3871 452 3943 enim
477 3871 616 3945 lumine
643 3872 805 3947 naturali
832 3872 920 3947 satis
948 3872 1188 3945 manifestum
1211 3882 1274 3944 est

231 3984 442 4057 Secundum
465 3984 557 4059 hoc:
589 3986 792 4059 Transitur
808 4012 834 4059 α
858 3985 998 4058 minore
1014 3984 1072 4059 cd
1090 3987 1224 4081 majus,
1241 3991 1277 4056 et

222 4122 300 4195 per
317 4098 439 4171 omniu
453 4098 587 4187 stedia,
606 4123 674 4171 nec
691 4108 813 4171 tumen
829 4121 906 4196 per
923 4096 1097 4195 aeqimte:
1125 4098 1165 4171 id
1182 4095 1277 4194 quod

230 4236 339 4285 nemo
365 4212 532 4308 cogitans
555 4237 630 4285 non
647 4212 790 4285 videret
816 4236 897 4285 esse
922 4212 1068 4286 falsum.
1123 4211 1199 4287 Sed
1227 4212 1277 4284 ita

230 4340 297 4413 cst,
316 4339 358 4399 ut
376 4351 485 4400 nemo
502 4326 579 4399 fere
597 4325 707 4399 hodie
724 4325 1008 4423 philosophetur
1024 4350 1105 4413 sno,
1120 4326 1189 4400 sed
1205 4349 1276 4398 ma-

216 4439 334 4537 ·gistri
348 4441 502 4536 alicujus
518 4438 685 4533 ingenio:
703 4438 859 4533 ideoque
872 4438 911 4510 in
922 4438 1088 4514 absurda
1096 4440 1275 4525 incidunt,

229 4572 303 4622 non
321 4551 429 4626 aliter
447 4576 557 4648 quam
575 4551 730 4624 totidem
749 4574 835 4622 oves
852 4550 1063 4647 principem
1079 4555 1208 4652 gregis
1223 4576 1275 4627 se-

229 4673 402 4760 quentur,
420 4666 489 4739 etsi
506 4666 543 4739 in
563 4688 717 4738 maresc
734 4663 995 4762 puucipitaret.
