2618 5092
235 612 662 667 Psoronmouamsus
683 615 728 666 rn
750 613 935 666 annana.
1033 597 1106 675 479

61 775 150 866 Sed,
177 789 333 875 propter
361 780 537 877 angulum
562 780 641 877 Cyn
660 795 802 857 rectum
833 782 990 856 divisum
1018 782 1112 855 bifa-
1145 809 1190 848 rr:

62 891 157 965 riam
184 892 231 964 ab
255 891 328 990 ny,
346 906 450 968 reeta
466 893 520 969 Ca
542 892 655 992 dupla
678 908 734 970 cst
759 909 870 971 rectae
889 895 969 985 CR,
987 895 1024 969 id
1043 907 1111 985 est,
1152 879 1190 901 ⁹

62 1014 176 1079 rectae
193 1004 276 1080 DO.

118 1116 258 1191 Coroll.
277 1119 301 1192 i.
331 1119 516 1194 Quoniam
534 1121 602 1194 DV
621 1134 679 1196 est
705 1121 865 1196 semissis
891 1120 1017 1195 lateris
1038 1122 1114 1211 BC,

63 1243 104 1306 ct
119 1231 190 1305 ΒΟ
213 1231 374 1306 semissis
403 1233 591 1330 adjunctae
614 1234 675 1324 Cl,
705 1246 744 1309 et
772 1234 884 1310 ducta
901 1233 957 1307 Aa
982 1235 1115 1307 transit

67 1345 126 1437 (ut
152 1368 266 1442 supra
297 1357 486 1419 ostensum
512 1349 584 1439 est)
617 1371 684 1443 per
702 1348 764 1431 X;
791 1347 862 1420 erit
885 1346 980 1420 ratio
999 1345 1051 1418 Ba
1067 1346 1116 1421 ad

64 1456 137 1532 DX
167 1457 358 1554 duplicata
386 1460 541 1534 rationis
559 1460 631 1534 AD
656 1462 705 1534 ad
723 1459 810 1535 DX.
864 1460 989 1535 Quare
1020 1461 1114 1533 ratio

65 1570 144 1656 OV,
161 1570 238 1644 sive
258 1571 319 1643 Dlr
339 1572 513 1663 (semissis
532 1574 645 1671 ipsius
658 1573 741 1669 Bt),
760 1573 808 1647 ad
822 1572 889 1646 DF
910 1574 1116 1665 (semissem

64 1683 179 1781 ipsius
195 1682 301 1777 AD),
322 1684 509 1780 duplicata
538 1688 610 1760 erit
636 1687 790 1760 rationis
815 1686 887 1759 ΑΙ)
905 1686 954 1760 ad
971 1685 1058 1775 DX,
1077 1686 1116 1761 id

64 1808 131 1887 est,
149 1796 282 1870 eadem
300 1797 397 1871 ratio
414 1822 525 1895 qnam
542 1799 655 1874 habet
672 1797 738 1874 DC
756 1799 804 1872 ad
815 1799 900 1873 DX.
955 1799 1008 1873 Ut
1026 1824 1115 1897 ergo

65 1910 130 1985 Dc
148 1910 198 1984 ad
215 1908 303 1999 DX,
321 1910 373 1985 ita
390 1923 447 1986 est
467 1914 535 1987 OV
553 1915 630 1987 sive
647 1913 708 1987 Db
720 1912 768 1985 ad
783 1911 862 1986 DF.
912 1913 1008 1986 Sunt
1025 1937 1114 2009 ergo

65 2047 193 2098 rursus
211 2021 292 2113 DC,
310 2022 382 2115 Db,
397 2024 464 2098 DF
481 2029 658 2101 continue
674 2025 980 2122 proportionales.

115 2135 259 2210 Coroll.
277 2136 316 2211 ii.
339 2137 527 2235 Jungatur
551 2164 621 2238 gy,
648 2139 948 2236 producaturque
974 2138 1023 2211 ad
1049 2139 1115 2212 Rc

63 2252 103 2325 in
120 2285 157 2349 γ.
210 2250 395 2326 Quoniam
412 2276 501 2350 ergo
519 2252 581 2350 Ay
595 2254 708 2351 dupla
724 2264 782 2328 est
798 2254 871 2351 Ag,
883 2253 954 2326 erit
970 2276 1115 2349 quoque

67 2365 238 2462 (propter
272 2363 549 2440 similitudinem
584 2367 856 2464 triangulorum
885 2365 988 2463 Ayg,
1018 2366 1113 2463 pr)

64 2489 169 2552 recta
185 2477 243 2575 yC
260 2476 372 2572 dupla
389 2478 457 2576 Cy.
510 2480 642 2576 Itaque
661 2481 727 2579 Cy,
746 2478 814 2552 Bm
832 2491 921 2553 sunt
937 2480 1116 2575 aequales:

64 2604 104 2665 et
121 2591 189 2679 Ry,
208 2614 289 2687 quae
312 2601 369 2664 est
398 2590 608 2667 differentia
630 2594 730 2668 iuter
748 2593 813 2667 CR
830 2606 869 2668 et
887 2593 950 2682 07,
967 2592 1117 2688 aequalis

64 2703 285 2778 differentia
301 2704 399 2778 inter
422 2705 617 2779 dimidium
633 2707 760 2782 lateris
778 2718 816 2781 et
835 2719 1049 2803 tangentem
1069 2712 1116 2778 30

63 2817 263 2915 graduum.

118 2929 260 3004 Coroll.
277 2929 329 3004 iii.
372 2929 496 3028 Dupla
519 2956 568 3028 ry
593 2932 744 3028 aequalis
777 2945 836 3006 est
869 2931 1037 3029 tangenti
1070 2937 1118 3003 30

63 3043 262 3141 graduum,
287 3067 420 3140 nempe
455 3055 569 3118 rectae
599 3045 666 3121 Ca.
730 3044 828 3119 Nam
859 3045 930 3141 Ry,
958 3067 1008 3141 yr
1031 3054 1118 3116 sunt

63 3155 238 3256 aequales.

118 3268 262 3344 coron.
280 3270 328 3344 iv.
362 3268 530 3344 Semissis
559 3271 867 3345 circumferentia
894 3269 1021 3344 circuli
1053 3269 1117 3341 de·

65 3383 197 3481 scripti
213 3408 237 3457 a
249 3407 303 3482 gr
319 3384 529 3473 semiradio,
547 3384 697 3480 aequalis
715 3395 772 3457 est
796 3384 973 3456 lateribus
990 3383 1117 3454 ambo-

64 3499 135 3574 bus
164 3498 343 3570 cuborum
370 3520 529 3592 quorum
551 3521 648 3571 unus
674 3495 1000 3584 circumscribitur,
1024 3495 1118 3567 alter

65 3610 283 3686 inscribitur
300 3609 419 3683 eidem
438 3610 591 3707 sphaerae
608 3610 647 3682 in
666 3633 738 3705 qua
759 3608 941 3682 maximus
958 3608 1118 3681 circulus

66 3735 123 3799 est
151 3723 216 3821 qui
241 3722 462 3796 describitur
490 3722 594 3795 radio
618 3744 673 3821 gr
703 3722 846 3796 semissi
879 3721 1004 3796 lateris
1023 3720 1116 3805 AB;

67 3836 170 3936 quod
186 3836 241 3910 sic
257 3835 424 3910 ostendo.
478 3836 517 3909 Si
540 3836 579 3908 in
605 3835 872 3931 quadratorum
889 3859 1016 3909 eorum
1035 3859 1118 3929 quae

67 3950 155 4025 cubi
167 3952 274 4024 bases
291 3963 390 4040 sunt,
404 3973 480 4023 uno
498 3972 718 4046 quocunque
731 3949 889 4023 ducatur
900 3948 1116 4045 diagonalis

68 4064 141 4139 erit
158 4063 380 4160 quadratum
397 4064 476 4158 ejus
493 4061 646 4158 duplum
659 4062 831 4158 quadrati
848 4087 871 4135 a
888 4063 1002 4136 latere
1021 4061 1116 4134 cubi.

68 4177 212 4252 Rursus
229 4177 261 4250 si
280 4176 318 4250 in
336 4176 493 4249 termino
512 4175 692 4249 alterutro
709 4175 807 4249 illius
825 4174 1029 4271 diagonalis
1047 4175 1117 4246 eri-

68 4302 182 4388 gatur
197 4289 510 4387 perpendicularis
520 4289 669 4386 aequalis
684 4289 770 4363 cubi
786 4288 904 4373 lateri,
918 4299 1019 4361 recta
1035 4312 1118 4382 quae

68 4403 260 4480 subtendit
287 4402 530 4500 diagonalem,
549 4415 586 4478 et
602 4403 699 4478 latus
717 4402 808 4478 illud
825 4401 910 4477 cubi
938 4413 1117 4490 erectum,
