2618 5092
403 637 739 690 ouonuc'rnARUM.

483 904 587 978 OAP.
607 905 655 978 Il.

461 1053 515 1103 nn
536 1052 678 1134 urunt.

44 1159 231 1246 Llunnnr,
251 1156 382 1230 definit
406 1157 591 1246 EuclideS,
611 1156 879 1255 longitudinem
903 1179 987 1229 ecoe
1009 1155 1092 1230 eine

44 1272 258 1346 latitudine.
313 1271 472 1360 Scilicet,
504 1271 755 1345 conformatur
783 1271 863 1344 haec
891 1269 939 1343 ad
963 1268 1090 1342 defini·
1175 1320 1245 1363 „m

42 1386 183 1459 tionem
216 1385 357 1481 puncti,
390 1397 427 1459 et
454 1396 652 1482 propterea
676 1383 805 1457 eadem
829 1384 953 1456 omnia
979 1382 1092 1456 habet

43 1499 145 1573 vitia.
200 1498 299 1571 Nam
317 1509 360 1571 ut
378 1510 547 1571 centrum
564 1496 692 1570 circuli
707 1496 883 1569 dividitur
899 1519 923 1567 a
939 1497 1092 1568 sectori-

43 1612 110 1685 bus
133 1613 173 1684 in
198 1622 322 1707 partes
340 1611 531 1707 quotlibet,
551 1611 605 1685 ita
629 1610 741 1684 etiam
763 1621 949 1684 sectorum
976 1608 1093 1682 latera

44 1724 263 1798 dividuntur
281 1724 483 1797 secundum
506 1724 751 1798 latitudinem.
804 1724 901 1797 Nam
918 1723 951 1796 si
971 1736 1093 1797 sector

44 1838 200 1935 quilibet
223 1836 409 1910 dividatur
436 1837 476 1910 in
503 1837 595 1911 duos
618 1850 792 1922 sectorem
817 1860 974 1933 quorum
997 1861 1092 1910 unus

44 1949 143 2045 apud
162 1960 201 2024 te
219 1963 329 2039 esset,
346 1950 440 2023 alter
462 1951 563 2049 apnd
579 1975 651 2041 me,
670 1951 824 2024 haberet
843 1962 1001 2047 uterque
1019 1949 1092 2023 duo

43 2061 184 2137 latera:
204 2075 243 2137 et
259 2076 465 2160 propterea,
477 2064 553 2136 sive
567 2064 663 2137 latus
677 2062 769 2137 illnd
782 2062 943 2136 medium
958 2063 1093 2135 habeat

43 2173 292 2264 latitudinem,
310 2176 387 2247 sive
414 2175 753 2264 non-latitudinem,
771 2175 843 2248 erit
870 2173 1027 2248 divisum
1054 2175 1093 2247 in

45 2286 135 2362 duas
152 2288 378 2385 superficieS,
391 2287 450 2360 vel
464 2288 502 2361 in
515 2287 606 2362 duas
617 2287 934 2384 non-superficies.
962 2288 1092 2385 Itaque

44 2399 145 2472 omni
162 2398 274 2473 modo
292 2400 390 2473 linea
406 2412 463 2474 est
480 2399 684 2475 divisibilis.

93 2511 216 2585 Linea
242 2513 289 2586 ab
316 2514 396 2587 aliis
420 2513 607 2605 definitur,
619 2513 753 2612 pnncti
772 2513 862 2586 moti
879 2514 1108 2612 uestigium„

45 2624 120 2698 sive
138 2625 211 2700 via.
264 2625 320 2699 De
337 2650 410 2723 qua
428 2627 642 2702 definitione
661 2627 807 2701 Cluvius
825 2628 877 2701 sic
904 2626 1090 2723 loquitur:

45 2738 337 2812 “Mathematici
364 2765 523 2837 quoqne,
551 2753 594 2815 ut
620 2741 727 2814 nobis
754 2740 945 2813 inculcent
967 2765 1092 2814 veram

44 2849 149 2924 lineae
183 2852 479 2950 intelligentiam,
511 2854 760 2950 imaginantur
794 2862 987 2949 punctum,
1013 2855 1091 2950 jam

44 2962 271 3061 deacriptnm
298 2966 478 3063 superiori
505 2966 772 3055 delinitione,e
795 2964 878 3038 loco
901 2965 940 3037 in
969 2965 1091 3038 locum

44 3077 193 3151 moveri.
261 3077 354 3152 Cum
389 3080 485 3152 enim
520 3092 701 3176 punctum
735 3078 784 3151 sit
815 3100 965 3174 prorsus
995 3078 1091 3151 indi-

43 3190 206 3281 viduum,
225 3191 452 3288 relinquetur
473 3216 517 3264 ex
540 3215 585 3265 eo
613 3203 718 3264 motu
745 3189 962 3286 imaginario
979 3191 1091 3264 vesti-

43 3305 145 3399 gium
163 3303 350 3400 quoddam
374 3305 539 3401 longum,
557 3304 676 3378 omnis
694 3326 825 3400 expers
848 3302 1089 3377 latitudinis.”

44 3415 136 3490 Vide
160 3415 520 3505 mathematicorum,
537 3416 601 3514 qui
627 3416 837 3490 subtiliores
861 3416 978 3490 multo
1004 3429 1091 3492 sunt

44 3552 154 3626 qnam
172 3529 237 3625 qui
254 3553 403 3626 operam
422 3528 607 3603 dederunt
629 3529 761 3604 studiis
786 3540 1005 3603 coeterorum
1032 3555 1091 3602 ar-

43 3643 147 3728 tium,
166 3640 334 3715 Clarium
351 3643 642 3732 subtilissimum,
661 3644 884 3716 scribentem
901 3642 972 3717 hoc
996 3643 1091 3734 loco,

43 3755 238 3853 uestigium
255 3755 418 3854 relinqui
442 3756 594 3854 longum
621 3781 645 3828 o
672 3766 772 3829 motn
789 3757 869 3851 ejus
887 3755 991 3854 qnod
1011 3757 1093 3831 nnl-

43 3865 116 3941 lam
133 3866 244 3940 tabet
261 3866 508 3958 dotitndinen,
524 3868 646 3960 idest,
660 3881 801 3942 amotu
814 3868 931 3942 nihili.
961 3870 1093 3944 Sciunt

44 3992 168 4056 tamen
191 4004 331 4069 omnes,
354 3982 446 4055 nihil
474 3983 615 4055 moveri
643 3996 781 4079 praeter
809 4005 956 4078 corpus,
973 4006 1092 4080 neque

44 4107 184 4169 motum
211 4095 356 4191 concipi
387 4095 459 4168 nisi
490 4097 655 4191 corporis
683 4118 804 4192 posse.
859 4095 934 4169 Sed
959 4119 1093 4192 corpus

44 4231 151 4281 omne
164 4219 304 4280 motum
317 4208 512 4306 vestigium
524 4208 700 4305 relinquit
714 4233 790 4284 non
801 4208 914 4282 modo
927 4210 1093 4304 longum,

44 4320 241 4395 sedetiam
269 4320 398 4395 latum.
451 4321 629 4396 Definitio
658 4323 775 4420 igitur
799 4322 908 4396 lineae
936 4321 1095 4395 debebat

44 4457 120 4508 cese
142 4433 377 4530 hujusmodi:
405 4435 505 4509 tinen
534 4445 592 4510 eat
623 4434 827 4538 vestigium
855 4435 959 4531 qnod
981 4435 1093 4508 relin-

44 4547 168 4644 quitur
189 4573 214 4621 α
238 4558 335 4621 motn
360 4551 543 4648 corporis,
568 4552 675 4646 cujus
694 4550 885 4650 pnnntitnr
915 4573 987 4622 non
1009 4574 1095 4623 con·

43 4659 234 4734 cinerato
252 4661 290 4733 in
307 4660 636 4738 demonstratione.
