2618 5092
387 123 440 174 nn
462 123 633 175 veruna
652 124 789 176 annis.
1038 110 1112 186 257

119 291 164 363 Α.
191 289 267 363 Sed
289 301 328 362 et
349 291 537 386 particulae
564 290 647 379 illae,
668 315 750 386 quae
774 292 1006 387 interspersae
1033 296 1109 366 aeri

63 399 119 476 ita
135 414 329 477 moventur
346 415 389 476 ut
406 403 673 499 supposuimus,
696 405 812 500 magis
830 403 1006 480 confertae
1024 420 1110 480 sunt

60 516 112 625 {d
140 515 302 589 radicem
334 517 469 588 montis
500 539 610 610 quam
638 515 676 588 in
707 540 861 589 summo.
914 516 1010 590 Nam
1037 519 1109 592 hoc

60 630 207 724 qnoque
222 629 493 724 supposuimus,

109 740 160 813 Β.
186 741 233 813 ln
249 764 313 813 vas
340 751 509 836 apertum
534 737 735 812 infudimus
765 766 922 838 aquam3
949 744 988 816 in
1013 768 1109 840 aqua

58 852 223 927 fistulam
249 854 446 926 statuimus
472 863 647 941 erectam,
670 852 831 951 longam,
859 856 1108 930 exilissimam.

57 965 345 1041 observavimus
378 980 503 1039 autem
537 988 671 1059 aquam
707 992 728 1040 e
758 993 845 1042 vase
873 970 1038 1067 subjecto
1069 971 1108 1043 in

57 1092 222 1154 erectam
240 1079 399 1152 fistulam
418 1081 638 1155 ascendisse.

107 1193 161 1265 A.
187 1191 269 1265 Nec
285 1191 431 1266 mirum.
483 1193 581 1267 Nam
609 1195 839 1289 superficiem
867 1220 972 1292 aquae
992 1197 1108 1292 parti-

59 1306 152 1380 culae
168 1305 248 1378 aeri
264 1305 498 1402 interspersae
515 1331 692 1403 aquaeque
706 1309 902 1405 contiguae,
917 1321 1023 1382 motu
1040 1333 1106 1382 suo

61 1418 329 1503 verberabant3
355 1418 409 1492 ita
437 1431 479 1492 ut
508 1444 604 1517 aqua
629 1444 704 1493 non
731 1421 853 1516 potuit
880 1421 918 1494 in
945 1421 1107 1494 fistulam

64 1552 134 1606 non
164 1530 377 1622 ascendere,
396 1544 433 1605 et
458 1532 680 1606 sensibiliter
705 1532 854 1628 quidem
882 1534 920 1606 in
945 1534 1107 1607 fistulam

64 1645 165 1720 valde
182 1657 390 1741 angustam.

108 1757 156 1833 B.
184 1759 366 1832 Revertor
394 1757 442 1832 ad
471 1760 716 1857 phaenomena
745 1760 926 1834 machinae
957 1774 1105 1834 nostrae.

68 1870 101 1945 si
117 1873 200 1968 quis
222 1884 309 1969 post
333 1871 589 1969 impulsionem
616 1872 931 1970 revulsionemque
949 1872 1106 1946 suctoris

67 1973 254 2081 aliquoties
285 1986 492 2081 repetitam,
523 1986 758 2082 epistomium
791 1987 940 2083 superni
975 1986 1105 2059 orificii

66 2097 271 2195 recipientis
301 2110 456 2171 conetur
478 2100 683 2188 extrahere,
704 2099 868 2174 inveniet
891 2100 982 2175 illud
998 2099 1105 2172 valde

65 2211 257 2307 gravitate,
281 2223 458 2307 tanquam
479 2212 510 2285 si
536 2212 736 2285 multarum
761 2213 938 2286 librarum
961 2213 1105 2310 pondus

64 2325 106 2399 ab
122 2350 168 2400 eo
185 2322 375 2422 penderet.
428 2325 537 2398 Unde
552 2325 734 2421 contingit
750 2323 849 2399 hoc?

108 2439 160 2513 Α.
186 2437 246 2511 Ab
274 2437 381 2527 aeris,
413 2438 476 2534 qui
504 2450 561 2512 est
590 2439 628 2511 in
661 2439 874 2533 recipiente,
905 2438 1106 2511 fortissimo

64 2562 198 2627 conatu
230 2550 412 2640 circulari,
445 2551 543 2625 facto
573 2575 597 2624 a
621 2550 785 2624 violento
816 2551 984 2646 ingressu
1012 2551 1107 2622 aeris

63 2666 158 2740 inter
190 2663 421 2760 superficiem
457 2665 614 2738 suctoris
647 2687 848 2736 convexam
883 2675 921 2736 et
950 2663 1108 2760 cylindri

63 2801 275 2866 concavam,
297 2789 476 2872 generato
505 2801 573 2875 per
595 2778 765 2850 iteratam
793 2777 893 2849 illam
919 2776 1106 2872 impulsio-

61 2916 144 2968 nem
169 2889 485 2989 revulsionemque
508 2891 676 2978 suctoris,
696 2915 805 2987 quam
822 2913 887 2963 vos
914 2913 1107 2986 perperam

60 3005 200 3080 vocatis
229 3003 462 3077 exuctionem
487 3005 594 3077 aeris.
656 3003 754 3077 Nam
783 3018 936 3100 propter
964 3015 1109 3076 naturae

60 3115 342 3216 plenitudinem,
356 3117 588 3213 epistomium
608 3118 754 3191 extrahi
770 3141 847 3190 non
864 3128 999 3214 potest,
1018 3118 1108 3212 quin

60 3256 131 3325 aer,
150 3230 219 3328 qui
236 3229 349 3303 estin
367 3231 569 3328 recipiente
592 3231 784 3327 epistomio
810 3231 1017 3326 contiguus,
1034 3254 1109 3301 una

61 3341 311 3419 extrahendus
339 3341 397 3416 sit
451 3343 527 3418 Qui
556 3342 704 3440 quidem
734 3367 799 3416 aer
829 3343 860 3415 si
891 3344 1108 3440 quiesceret,

60 3457 234 3533 facillime
257 3456 491 3553 epistomium
517 3467 743 3553 sequeretur.
797 3456 871 3530 Sed
899 3456 985 3529 dum
1010 3456 1110 3528 velo-

61 3572 206 3646 cissime
239 3569 384 3659 circuit,
411 3573 501 3645 satis
533 3569 729 3643 difficulter
762 3571 939 3666 sequitur,
967 3569 1006 3642 id
1042 3581 1108 3656 est,

61 3685 209 3760 videtur
225 3706 305 3756 esse
320 3682 428 3757 valde
445 3683 580 3780 gravis.

107 3797 158 3874 Β.
182 3795 391 3870 Verisimile
410 3810 477 3871 est.
529 3796 628 3870 Nam
654 3809 697 3870 ut
727 3820 792 3869 aer
818 3819 935 3869 novus
956 3794 992 3867 in
1017 3796 1110 3867 reci-

61 3914 163 4010 piens
179 3909 362 4010 paulatim
379 3910 600 3997 admittitur,
617 3911 728 3985 etiam
753 3920 991 4005 apparentem
1008 3906 1111 3979 illam

62 4026 285 4123 gravitatem
301 4023 479 4120 paulatim
498 4023 635 4121 perdit.
684 4020 853 4096 Vidimus
870 4022 960 4095 item
976 4044 1110 4116 aquam

160 4158 334 4215 von.1v.
989 4155 1007 4205 s
