2618 5092
413 653 749 710 onounrnanuu.
812 652 814 658 ’
1026 637 1101 717 437

105 817 146 892 Si
178 815 321 893 fuerint
350 833 585 919 quotcunque
619 821 894 920 magnitudines
928 823 1102 911 continue
1136 845 1294 892 oanxvn.

55 933 362 1029 proportionales,
375 958 530 1030 quarum
546 937 667 1033 prima
682 948 741 1010 est
756 937 917 1010 maxima
931 969 941 1023 ς
961 951 1101 1034 quanto
1129 915 1292 1034 ὦ

55 1045 173 1142 prima
189 1045 239 1119 ad
256 1046 368 1120 aliam
384 1072 408 1121 a
420 1071 459 1122 se
475 1048 712 1123 remotiorem
725 1073 834 1145 quam
852 1062 909 1124 est
920 1050 1101 1147 proxima,
1128 1042 1299 1151 ‘fflfflffi

55 1159 236 1254 majorem
251 1159 432 1233 rationem
442 1161 554 1235 babet
565 1185 675 1259 quam
688 1161 737 1234 ad
750 1163 867 1258 ipsam
878 1163 1101 1259 proximam:

54 1282 159 1345 tanto
178 1272 218 1344 in
236 1272 365 1345 iisdem
384 1275 712 1370 magnitudinibus,
726 1275 873 1348 inverso
887 1275 1017 1349 ordine
1031 1277 1102 1349 col·

53 1383 198 1474 locatis,
223 1385 376 1458 minima
402 1388 581 1482 majorem
608 1387 791 1460 rationem
817 1387 931 1461 habet
958 1388 1006 1466 ad
1035 1388 1105 1461 sibi

54 1499 276 1594 proximam,
294 1523 404 1595 quam
422 1500 470 1573 ad
487 1501 725 1575 remotiorem
741 1502 781 1574 in
808 1501 937 1574 eadem
965 1502 1105 1575 distan-

53 1612 120 1685 tia.
173 1612 345 1708 Exempli
371 1614 511 1709 gratia:
537 1614 576 1686 in
602 1613 661 1687 his
688 1614 1017 1710 magnitudinibus,
1044 1622 1105 1686 81.

54 1729 115 1806 27.
127 1733 163 1796 9.
178 1734 213 1797 3.
230 1732 261 1813 l,
280 1737 419 1820 quanto
452 1726 570 1821 major
594 1737 651 1799 est
678 1727 773 1800 ratio
802 1735 845 1801 81
876 1728 926 1801 ad
953 1738 1105 1823 3quam

54 1838 150 1911 ratio
169 1845 214 1909 81
237 1836 285 1909 ad
309 1841 371 1927 27,
389 1848 495 1911 tanto
512 1839 631 1934 major
649 1849 704 1912 est
733 1839 828 1912 ratio
850 1850 864 1912 l
886 1840 934 1913 ad
953 1850 975 1912 3
994 1864 1105 1935 quam

54 1950 149 2024 ratio
172 1958 188 2024 1
210 1949 259 2023 ad
276 1954 324 2033 27
341 1980 350 2023 ι
369 1975 580 2048 quanquam
596 1965 797 2048 geometrae
810 1951 874 2048 qui
894 1976 993 2026 nuno
1007 1966 1105 2043 sunt,

55 2062 93 2136 id
110 2087 189 2137 non
207 2064 426 2138 concedant.

104 2176 181 2250 Sed
199 2200 244 2248 ex
262 2177 307 2250 iis
325 2202 408 2274 quae
431 2178 612 2253 hactenus
636 2179 737 2252 dicta
757 2189 855 2268 sunt,
875 2189 1022 2252 constat
1040 2203 1105 2252 na-

54 2300 178 2362 turam
197 2290 348 2364 rationis
372 2314 418 2364 ne
436 2291 582 2364 Euclidi
601 2291 750 2389 quidem
768 2294 916 2388 penitus
934 2315 1105 2388 perspec-

54 2415 131 2476 tam
147 2403 280 2487 fnisse
298 2405 414 2477 multo
427 2417 552 2478 autem
568 2406 688 2479 minus
707 2404 852 2488 Clavio;
870 2404 936 2479 sed
954 2407 1106 2478 minime

54 2518 223 2589 omnium
256 2516 340 2606 illis,
373 2519 436 2615 qui
474 2542 574 2592 nunc
608 2518 817 2615 algebristae
850 2519 1104 2615 perhibentur.

54 2629 155 2704 Nam
173 2630 223 2718 bi,
241 2655 264 2704 a
283 2631 411 2705 Clavio
424 2631 526 2705 docti
544 2631 863 2706 denominatorem
879 2633 1034 2706 rationis
1052 2633 1105 2704 in·

55 2743 181 2818 dicare
199 2745 314 2840 ipsius
332 2745 590 2842 quantitatem,
611 2746 670 2838 (ut
687 2755 724 2830 4,
741 2746 817 2820 sive
833 2743 876 2839 ἦ,
891 2746 1107 2820 denominat

54 2856 268 2952 indicatque
282 2858 526 2954 quantitatem
544 2859 699 2932 rationis
716 2867 740 2932 4
758 2859 805 2933 ad
825 2870 855 2947 l,
871 2858 945 2938 et}
965 2861 1106 2934 indicat

54 2971 239 3045 rationem
264 2979 286 3043 2
316 2969 364 3043 ad
388 2980 431 3044 3:
457 2983 543 3044 sunt
570 2985 696 3044 autem
724 2972 777 3045 illi
805 2972 1106 3046 denominatores

53 3083 149 3158 nihil
166 3083 267 3157 aliud
285 3098 421 3180 praeter
439 3084 648 3180 quotientes
666 3096 772 3159 natas
786 3109 831 3158 ex
849 3084 1027 3159 divisione
1040 3108 1106 3156 nu·

54 3197 150 3272 meri
166 3221 234 3294 per
250 3199 471 3291 numerum),
490 3210 629 3270 temere
647 3199 885 3295 arripuerunt
905 3200 1009 3294 quasi
1026 3220 1107 3270 rem

55 3310 596 3407 demonstratam,fracticncm
609 3320 648 3384 et
659 3313 846 3386 rationem
856 3312 1011 3386 eandem
1022 3336 1107 3386 esse

54 3448 149 3515 rem,
167 3447 301 3521 nempe
317 3424 563 3520 quantitatem
581 3424 788 3499 absolutam
805 3438 844 3499 et
859 3426 1107 3523 quantitatem

53 3537 373 3635 comparativam
401 3562 484 3634 quae
514 3540 777 3635 comparativa,
807 3539 993 3636 quantitas
1028 3564 1108 3612 om-

56 3653 147 3725 nino
166 3675 242 3724 non
260 3663 318 3724 est
334 3651 406 3724 nisi
422 3664 593 3749 respectu
607 3652 654 3726 ad
668 3653 776 3726 aliam
791 3654 982 3727 rationem.
1036 3653 1107 3726 Ra·

57 3765 170 3839 tionis
201 3765 301 3839 euim
330 3766 586 3861 magnitudino
620 3790 696 3839 non
732 3767 1002 3842 determinatur
1036 3790 1108 3841 nec

52 3878 257 3975 exponitur
278 3902 346 3975 per
372 3902 484 3952 unam
510 3879 658 3964 lineam,
675 3879 771 3954 sicut
788 3882 976 3977 quantitas
1001 3881 1107 3954 abso-

53 3991 148 4080 luta,
166 3990 234 4065 sed
250 4014 317 4087 per
341 3990 444 4066 duas,
494 3993 619 4089 Atque
636 3992 684 4066 ab
707 3993 778 4067 hoo
803 4018 928 4068 errore
958 4007 1014 4067 tot
1041 3993 1108 4065 ab·

54 4104 170 4179 surda
200 4116 430 4201 consequuta
463 4118 561 4192 sunt,
588 4116 632 4180 ut
659 4107 721 4179 vix
756 4130 892 4203 magno
919 4105 1106 4180 volumine

55 4216 253 4292 commode
270 4217 453 4290 contineri
475 4218 637 4315 possint:
664 4242 821 4315 quorum
839 4220 1026 4316 praecipua
1048 4220 1106 4292 in-

54 4331 115 4406 fra
135 4330 266 4430 paucis
288 4329 613 4421 considerabimus,
637 4355 713 4405 una
740 4356 825 4406 oum
851 4332 932 4405 aliis
950 4355 1033 4427 quae
1060 4355 1107 4404 ex

55 4446 138 4520 aliis
156 4443 347 4543 principiis
363 4445 465 4520 falsis
482 4446 520 4519 in
537 4458 812 4543 geometrarum
828 4445 967 4543 scripta
989 4446 1105 4543 irrep-

55 4570 201 4634 serunt.
