2640 5092
289 660 604 715 uuunsuumcm
625 662 868 717 noornaum.
1035 645 1103 725 179

56 834 96 916 0,
110 835 149 913 3,
158 835 197 918 6,
209 835 252 912 9;
279 828 344 901 ubi
361 850 503 901 summa
520 828 689 902 maxima
706 841 744 901 et
761 830 933 918 minimae,
944 828 983 901 id
995 841 1052 902 est
1065 836 1102 916 9,
1143 857 1292 898 nitrosus

57 939 174 1015 ducta
189 941 230 1014 in
247 941 433 1014 semissem
451 940 595 1012 numeri
612 942 864 1031 terminorum,
880 952 916 1030 2,
933 941 1023 1014 facit
1045 949 1101 1029 18,
1144 938 1288 1043 „L

57 1055 251 1129 semissem
269 1054 371 1128 ducti
383 1063 407 1128 9
420 1054 460 1127 in
476 1075 671 1127 numerum
688 1043 930 1129 terminorum
941 1064 976 1128 4.
1008 1054 1103 1127 Geo-

58 1167 216 1241 metrioe
246 1167 359 1241 etiam
386 1166 535 1264 probari
563 1178 699 1262 potest,
727 1167 857 1241 eodem
886 1181 1104 1262 argumento

59 1303 136 1377 quo
148 1279 375 1377 triangulum
389 1278 597 1354 ostenditur
607 1280 940 1377 parallelogrammi
956 1282 1012 1354 sui
1026 1305 1105 1354 esse

58 1391 268 1467 dimidium.

107 1505 161 1579 A.
187 1505 430 1580 Notissimum
451 1515 519 1579 est.
571 1504 645 1578 Sed
674 1527 749 1578 non
779 1506 841 1579 hic
872 1505 917 1578 de
947 1506 1105 1578 veritate

58 1618 238 1715 queritur
254 1618 509 1708 conclusionis,
537 1618 602 1693 sed
619 1618 952 1693 demonstrationis,
1007 1619 1104 1692 Nam

58 1753 126 1828 per
142 1732 394 1806 inductionem
413 1733 557 1829 probat.
610 1732 783 1807 Inductio
800 1744 924 1807 autem
952 1732 1105 1806 demon-

59 1844 193 1919 strstio
209 1868 286 1919 non
304 1855 373 1934 est,
390 1845 460 1918 nisi
476 1846 541 1918 ubi
557 1844 795 1942 particularia
811 1847 936 1919 omnia
958 1868 1105 1919 enume-

59 1968 205 2049 rantur,
217 1957 319 2055 quod
334 1958 395 2031 hic
418 1969 474 2030 est
494 1957 733 2054 impossibile.
778 1958 907 2053 ltaque
921 1981 1006 2030 cum
1018 1970 1104 2054 post

58 2072 230 2170 exposita
257 2071 397 2168 aliquot
418 2071 656 2167 particularia
676 2072 867 2166 subjungit
878 2070 996 2144 .·-Et
1007 2071 1104 2168 pori

60 2183 168 2258 mdo
184 2182 453 2282 quantumlibet
473 2184 761 2283 progrediamur,
769 2183 941 2282 prodibit
956 2206 1103 2280 seneper

60 2297 163 2371 meio
177 2295 364 2396 subdupla
379 2297 600 2371 z-libenter
612 2298 722 2371 velim
740 2299 846 2383 scire,
859 2296 958 2370 unde
971 2297 1009 2370 id
1020 2298 1102 2384 scit,

60 2410 131 2485 nisi
147 2432 298 2484 caussm
314 2409 478 2506 proferat
493 2422 560 2483 aut
576 2411 668 2484 sciat
685 2435 798 2507 quare
814 2410 1020 2484 necessario
1050 2411 1104 2483 ita

61 2534 128 2598 est.
182 2522 354 2597 Secunda
388 2523 591 2620 propositio
626 2523 753 2597 eadem
777 2537 833 2597 est
860 2549 945 2598 cnm
971 2524 1103 2619 prima,

63 2640 118 2729 (st
144 2646 342 2735 propterea
367 2635 471 2722 falsa,
488 2647 531 2708 ut
559 2636 633 2708 alio
660 2647 824 2732 tempore
856 2637 1103 2729 ostendetur),

61 2749 131 2824 nisi
149 2748 252 2846 quod
267 2747 371 2822 addit
388 2748 486 2822 idem
501 2749 729 2845 contingere,
749 2752 819 2824 etsi
835 2774 1010 2825 numerus
1028 2763 1102 2823 ter-

60 2863 245 2936 minorum
256 2861 307 2935 sit
322 2861 499 2934 infinitus.

111 2974 162 3048 B.
189 2974 236 3049 ld
251 2987 352 3049 certe
368 2973 502 3048 falsum
519 2985 585 3048 est.
639 2975 828 3072 Siquidem
856 2976 953 3048 enim
975 2999 1102 3048 uume-

61 3112 186 3161 rornm
202 3086 352 3161 termini
379 3110 532 3161 numero
562 3087 697 3162 infiniti
724 3100 859 3177 essent,
889 3089 1000 3161 etiam
1028 3102 1102 3159 ter-

61 3202 182 3275 minos
216 3200 397 3273 maximus
432 3200 532 3274 solus
565 3224 631 3297 per
661 3225 700 3274 se
734 3202 898 3275 infinitus
934 3211 1041 3287 esset,
1065 3212 1103 3272 et

61 3337 204 3389 summa
231 3313 473 3386 terminorum
504 3336 657 3386 numero
688 3314 915 3387 infinitorum
944 3313 1103 3385 semissis

61 3441 156 3502 esset
174 3426 329 3500 infinitae
346 3449 499 3498 summae
515 3426 690 3498 inlinities
707 3426 969 3522 multiplicatae.

106 3540 155 3613 Δ.
183 3540 271 3613 Non
288 3539 500 3636 illeprimus
517 3562 556 3611 se
574 3538 696 3612 induit
726 3541 895 3613 absurdis
923 3564 1005 3636 quae
1033 3539 1103 3611 cir-

58 3661 248 3727 cumstant
270 3651 560 3747 contemplantes
594 3652 827 3725 infinitatem.
897 3652 1103 3749 Propositio

59 3766 263 3841 tertiaboeo
275 3776 349 3839 est:
371 3763 623 3862 Triangulum
634 3765 689 3837 od
692 3766 1102 3863 parallelogrammum,

57 3902 174 3976 snper
190 3877 329 3975 aeqsali
345 3877 428 3951 bosi
445 3902 549 3975 reque
565 3877 693 3967 ultum,
707 3888 765 3951 est
781 3889 822 3951 ut
844 3888 857 3952 l
880 3879 936 3952 ad
950 3887 984 3952 2.
1022 3882 1102 3952 lmo

58 4014 159 4081 vero,
170 4015 246 4065 non
258 4015 364 4090 ergo,
376 3989 442 4064 sed
454 4002 606 4087 propter
617 4014 746 4064 causas
760 3992 806 4064 ab
819 3992 971 4065 Euclide
986 3992 1103 4065 dictas

61 4103 194 4195 (Elem.
220 4112 251 4176 l.
268 4127 373 4201 prop.
392 4104 471 4195 41).
524 4102 628 4176 Idem
645 4102 841 4177 dicendum
868 4105 989 4177 estad
1016 4129 1101 4200 pro-

60 4217 280 4313 positionem
297 4229 465 4313 quartam
480 4215 526 4288 de
543 4215 697 4288 conoide
716 4218 937 4312 parabolico‚
951 4231 1102 4313 propter

63 4353 191 4404 musas
224 4329 272 4403 ab
301 4329 383 4402 aliis
413 4328 604 4402 exhibitas.
675 4330 928 4425 Propositioue
962 4330 1101 4424 quinta,

65 4442 190 4516 cadem
203 4441 379 4516 methodo
395 4441 552 4536 probare
570 4441 647 4514 vult
665 4441 800 4516 lineam
827 4443 997 4539 spiralem
1023 4466 1102 4517 esse

943 4578 1003 4626 Ns
