2618 5092
396 39 1299 609 ..1

203 674 277 743 000
528 680 712 739 canario
730 678 928 735 annana.

20 864 170 971 Q·
204 855 375 951 scriptun,
401 863 442 927 et
465 863 570 926 reeta
594 848 762 948 proxime
786 868 1034 944 oonoeqnena,
1060 868 1103 919 aa
1126 856 1241 920 mntoo

207 980 335 1049 secent
358 965 400 1041 in
424 978 528 1039 recta
544 962 637 1039 AO:
665 976 710 1038 nt
732 958 1050 1061 quemadmodum
1069 982 1184 1033 arona
1203 960 1247 1033 ab

209 1079 395 1158 resecat
413 1070 1244 1169 YQinP,itaerenaabAYsecethind.

573 1360 827 1417 rnorosmo
849 1362 894 1417 X.

262 1517 441 1594 Calculus
452 1519 663 1593 numeriano
674 1518 944 1618 quadratorum
957 1540 984 1591 a
995 1524 1145 1617 reptem
1159 1526 1250 1591 arte·

211 1632 327 1707 dictis
343 1630 460 1705 rectia
478 1628 556 1720 Ac,
570 1629 660 1721 AY,
674 1630 753 1721 AZ,
764 1641 835 1705 etc.

263 1743 500 1818 Manifestum
514 1753 571 1818 est
587 1745 670 1840 (per
681 1743 786 1817 Encl.
800 1744 825 1818 i.
837 1743 903 1837 47)
920 1741 1026 1841 qnod
1042 1742 1252 1840 quadratum

212 1857 260 1931 ab
279 1855 349 1932 AO
365 1856 416 1929 ad
432 1854 655 1953 quadratum
671 1856 720 1931 ab
736 1854 804 1933 Ac
820 1856 881 1929 vel
898 1854 979 1944 ΑΡ,
992 1870 1052 1931 est
1068 1869 1114 1931 nt
1127 1866 1150 1929 5
1162 1855 1208 1929 ad
1219 1866 1253 1937 43

214 1970 302 2068 qnia
317 1970 393 2058 Ge,
403 1968 555 2065 aequolis
565 1966 645 2059 Ae,
658 1981 762 2045 aeota
773 1983 832 2044 est
843 1968 1018 2043 bifariam
1031 1970 1072 2043 in
1084 1970 1138 2045 0:
1155 1982 1194 2043 et
1207 1982 1257 2043 ert

99 2074 107 2085 ⁵
214 2095 258 2160 nt
274 2082 345 2159 AO
361 2083 412 2156 ad
427 2081 496 2157 AC
511 2081 570 2156 vel
588 2080 669 2169 ΑΡ,
686 2082 740 2157 ita
757 2080 826 2155 ΑΡ
843 2081 892 2155 ad
908 2078 986 2155 AY
1005 2082 1066 2155 vel
1084 2079 1169 2174 YQ.

267 2196 422 2284 Rursus,
433 2195 521 2292 quia
535 2191 620 2286 YQ,
632 2194 808 2292 parallelo
822 2194 899 2285 GC,
911 2206 1016 2269 secta
1028 2208 1089 2269 est
1101 2194 1256 2269 bifariam

217 2311 255 2384 in
273 2310 314 2398 P,
333 2306 556 2405 quadratum
572 2307 621 2382 ab
637 2306 715 2382 AY
731 2306 792 2381 vel
809 2304 883 2399 YQ
898 2319 956 2381 est
978 2306 1031 2381 ad
1047 2308 1257 2407 quadratum

218 2449 243 2498 a
255 2423 357 2496 cht
376 2431 397 2495 5
417 2420 519 2495 ada:
538 2421 626 2517 quin
638 2418 713 2510 GC,
729 2420 779 2494 Za
792 2432 879 2495 sunt
896 2422 1099 2516 parallelae,
1113 2434 1152 2495 et
1169 2435 1258 2496 recta

219 2533 290 2610 AO
308 2547 411 2608 secat
428 2557 554 2607 arcum
573 2531 635 2606 Yb
651 2533 700 2606 nd
718 2533 756 2623 d,
774 2546 812 2607 et
833 2533 1013 2607 dividitur
1030 2536 1085 2608 Zo
1101 2535 1259 2610 bifariam

218 2650 256 2722 in
276 2648 314 2721 d.

270 2761 377 2847 Item,
394 2760 617 2856 quadratum
634 2784 657 2835 a
676 2758 738 2848 Ze,
757 2761 858 2858 quod
881 2773 938 2834 est
960 2770 1006 2837 10
1028 2786 1189 2859 quornm
1204 2758 1260 2836 Ac

221 2873 443 2973 quadratum
467 2886 524 2948 est
553 2882 609 2963 16,
627 2886 686 2947 est
702 2874 751 2948 ad
775 2875 996 2972 quadratum
1021 2876 1071 2949 ab
1089 2877 1158 2965 hL,
1174 2874 1262 2973 qnod

220 3000 279 3062 est
296 2996 319 3061 8
338 3009 493 3082 quorum
512 2985 578 3061 Ac
596 2986 816 3084 quadratum
835 3000 891 3063 est
913 2997 970 3079 16,
989 3002 1033 3062 ut
1057 2999 1103 3064 10
1119 2990 1168 3065 ad
1185 3000 1218 3080 0,
1230 2987 1262 3062 id

223 3112 338 3175 estut
357 3108 380 3174 5
398 3099 446 3173 ad
460 3110 496 3175 4.

274 3214 380 3301 Item,
406 3213 581 3311 quoniam
603 3213 824 3310 quadratum
850 3215 898 3287 ab
915 3213 982 3290 ΑΟ
1002 3227 1193 3291 ostensum
1215 3227 1264 3289 est

224 3328 365 3426 aequale
384 3335 428 3401 10
440 3325 629 3423 quadratis
643 3351 665 3400 a
678 3328 810 3424 quinta
825 3340 931 3424 parte
944 3353 1056 3403 arcus
1076 3330 1154 3420 BC,
1169 3330 1265 3403 dmi,

225 3440 328 3514 dium
354 3442 446 3536 ejuS,
470 3440 542 3513 hoc
568 3450 625 3512 est
650 3439 872 3535 quadratum
898 3442 945 3515 ab
962 3442 1032 3532 hh,
1051 3445 1193 3540 aequale
1216 3455 1266 3515 est

226 3555 388 3650 quinque
401 3552 591 3649 quadratis
604 3552 651 3626 ab
667 3552 796 3626 endem
810 3554 941 3649 quinta
955 3568 1066 3651 perne
1080 3580 1188 3630 arcus
1201 3555 1266 3630 Bc.

228 3667 303 3741 Sed
329 3679 518 3740 ostensum
542 3678 599 3738 est
624 3677 763 3739 rectam
782 3665 838 3756 ed,
862 3666 921 3740 vel
939 3666 1010 3757 Ae,
1032 3669 1176 3766 aequale
1197 3691 1267 3741 esse

228 3780 370 3853 duabus
383 3778 521 3874 quintis
531 3802 640 3851 arcus
654 3778 729 3868 BC,
742 3790 780 3852 et
791 3778 948 3874 proinde
961 3780 1187 3875 quadratum
1198 3784 1269 3879 ejus

229 3893 369 3989 aeqnale
387 3916 467 3966 esse
486 3903 645 3987 quatuor
659 3891 848 3988 quadratis
864 3916 888 3965 a
900 3893 1034 3989 quinta
1049 3907 1158 3990 parte
1170 3918 1268 3969 arens

279 4122 346 4194 Est
357 4143 446 4216 ergo
457 4118 680 4219 quadratum
694 4119 741 4193 ab
752 4119 808 4192 lm
818 4119 896 4193 sive
907 4119 980 4209 Aa,
991 4121 1041 4194 nd
1057 4123 1270 4220 quadratum

230 4234 278 4308 ab
296 4233 341 4306 eb
358 4233 436 4306 sive
454 4232 523 4319 Ae,
541 4244 585 4304 ut
603 4240 624 4303 5
643 4230 691 4305 ad
709 4242 745 4304 4.

282 4348 483 4435 Postremo,
497 4369 580 4418 cnm
595 4345 777 4441 quadrato
790 4348 837 4421 ab
852 4345 931 4438 AG,
943 4347 1022 4437 AZ,
1035 4349 1094 4424 Ae
1104 4351 1180 4425 sint
1192 4373 1270 4423 con·

231 4461 336 4533 tinne
352 4458 644 4558 proportionalia
657 4459 693 4533 in
713 4462 856 4535 ratione
879 4468 923 4534 16
941 4461 991 4534 ad
1014 4471 1060 4538 10
1077 4464 1155 4538 sive
1176 4460 1271 4537 load

231 4576 288 4657 61,
303 4573 374 4646 erit
386 4573 607 4670 quadratum
622 4573 669 4647 ab
681 4573 738 4646 Ae
750 4570 794 4650 oi
809 4598 937 4648 eorum
951 4599 1115 4671 quorum
1125 4576 1270 4675 qnadra-
