2618 5092
416 657 753 712 ouonnrnnnon.
1034 638 1107 705 419

56 837 105 901 tae
121 826 213 916 sint,
231 827 312 901 sive
328 850 404 900 uon
421 827 506 900 siut
557 826 687 922 ltaque
705 823 769 920 qui
790 823 883 897 tales
906 833 1028 897 motus
1047 847 1106 896 ex·
1151 844 1219 884 ω’·
1235 844 1290 885 xn.

58 939 293 1037 cogitaverit,
310 938 602 1036 proportionalia
618 939 698 1035 ipsu
721 935 992 1026 determinabit,
1018 936 1107 1009 duo·
1149 912 1292 1015 {effi

59 1053 178 1149 tisque
196 1052 308 1125 lineis
322 1052 432 1125 rectis
450 1050 711 1125 determinabit
728 1060 959 1146 exponetque
977 1050 1105 1122 oculis.
1150 1037 1279 1082 ‘'⁶⁰⁰³'’'²²

105 1166 226 1240 Fuctu
243 1178 369 1239 autem
387 1165 534 1238 difficile
551 1189 626 1238 nou
644 1174 711 1237 est.
751 1163 859 1236 Nosti
876 1163 985 1251 euim,
1004 1176 1108 1237 motu

60 1277 132 1352 sire
151 1278 271 1353 ductu
293 1279 401 1352 lineae
417 1278 592 1351 uniformi
618 1289 743 1373 partes
769 1276 876 1349 lineae
903 1276 1107 1373 descriptas

61 1392 261 1487 aequulibus
284 1391 523 1487 temporibus,
542 1414 686 1485 semper
703 1413 783 1462 esse
800 1389 899 1462 inter
922 1412 962 1462 se
986 1415 1108 1487 aequa·

60 1503 121 1578 les.
158 1504 257 1579 Item
274 1504 307 1577 si
323 1504 421 1577 linea
437 1503 623 1599 descripta
639 1503 687 1575 sit
704 1501 833 1576 eudem
850 1525 993 1600 semper
1007 1504 1107 1576 velo-

61 1616 184 1706 citate,
201 1628 330 1714 partes
347 1617 427 1713 ejus
445 1615 647 1711 aequalibus
665 1616 894 1712 temporibus
912 1617 1106 1714 descriptae

60 1754 135 1805 esse
148 1731 266 1805 etium
283 1730 381 1804 inter
397 1752 438 1803 se
456 1729 627 1825 aequales.

107 1844 168 1918 Sit
185 1857 293 1918 recta
309 1843 376 1917 AB
394 1842 581 1940 descripta
606 1854 711 1917 motu
766 1898 782 1934 Δ
924 1855 943 1892 ¹³

1090 1856 1106 1891 B

59 1958 249 2048 uniformi,
281 1956 320 2030 iu
353 1968 520 2053 tempore
548 1980 713 2052 quocun·
790 1902 1106 2329 W

59 2098 152 2170 que:
171 2076 268 2148 etin
285 2086 391 2172 purte
409 2074 532 2170 aliquo
549 2073 713 2169 ejusdem
838 2109 854 2144 ι
1023 2144 1038 2178 Β

58 2192 249 2289 temporis,
268 2191 398 2265 eodem
415 2204 519 2265 motu
539 2190 714 2263 uniformi

931 2345 945 2380 0

59 2308 247 2406 descripta
263 2309 313 2383 sit
330 2308 398 2383 AD
411 2332 497 2405 pars
509 2320 621 2382 reotae
635 2308 713 2381 AB.

59 2422 247 2498 Quoniam
275 2444 364 2519 ergo
392 2432 514 2494 motus
541 2421 735 2495 uniformis
762 2429 842 2493 eret
869 2419 908 2492 in
935 2419 1104 2491 omuibus

56 2535 228 2634 portibus
245 2534 448 2630 aequolibus
465 2534 653 2629 temporis,
672 2532 870 2629 descriptae
893 2543 1003 2606 erunt
1019 2557 1105 2628 par-

57 2663 115 2725 tes
131 2647 295 2746 aequules
311 2658 392 2721 tum
414 2648 529 2722 totius
549 2658 662 2721 reotae
680 2648 758 2733 AB,
775 2659 856 2720 tum
879 2655 992 2720 reotae
1011 2646 1103 2718 AD:

56 2764 133 2838 sive
161 2761 234 2836 111ae
257 2771 383 2856 partes
409 2760 480 2836 toti
503 2761 569 2834 AB
597 2760 683 2849 sint,
700 2759 760 2834 vel
790 2784 865 2834 uon
894 2760 981 2847 siut,
1007 2784 1106 2832 com-

55 2874 334 2952 mensurabiles.

106 2989 252 3064 Eodem
270 2998 447 3086 tempore,
465 2998 568 3061 motu
585 2986 759 3060 uniformi
776 2987 923 3084 quidem
942 3001 983 3061 ut
1005 2998 1103 3075 ente,

57 3102 124 3177 sed
151 3100 328 3191 tardiore,
352 3102 400 3174 sit
426 3098 610 3196 descripta
635 3110 739 3173 recta
758 3100 834 3190 ΑΟ,
856 3100 994 3174 iaciens
1019 3124 1104 3173 oum

59 3216 126 3292 AB
153 3214 331 3311 ungulum
353 3237 610 3312 quemcunque
638 3212 752 3287 Bne:
779 3223 817 3288 et
839 3238 913 3311 quo
938 3224 1104 3310 tempore

58 3328 247 3425 descripto
259 3340 339 3402 erut
353 3328 433 3415 AD,
445 3327 573 3400 eodem
589 3327 819 3422 intelligatur
832 3327 1016 3425 descripta
1026 3328 1103 3402 Au.

60 3441 188 3517 Quare
204 3442 244 3514 iu
261 3440 372 3515 reotis
385 3441 463 3529 ΑΟ,
475 3442 552 3530 ΑΕ,
569 3463 637 3536 pro
654 3440 821 3538 partibus
839 3440 915 3513 sive
928 3441 1105 3537 portioni·

57 3554 128 3629 bus
145 3554 304 3652 sumptis
328 3554 366 3627 in
384 3555 462 3642 AB,
480 3554 670 3651 portiones
687 3554 846 3649 aequales
871 3577 1016 3652 semper
1041 3555 1105 3628 de-

58 3667 272 3742 scribentur
305 3668 344 3741 in
374 3668 464 3741 AO:
502 3667 631 3741 eodem
672 3667 783 3740 modo
817 3692 891 3763 quo
926 3679 1006 3742 totu
1040 3670 1106 3743 AB

58 3780 262 3879 respondet
278 3781 349 3855 toti
366 3780 443 3869 AO,
461 3790 500 3853 et
515 3804 601 3877 pars
619 3779 688 3853 AD
704 3782 802 3877 parti
820 3780 900 3854 ΑΕ.

109 3894 316 3968 Habebunt
337 3917 427 3990 ergo
454 3905 578 3991 partes
596 3894 753 3991 aequales
779 3894 888 3968 sactae
907 3897 1106 3992 aequalibus

58 4008 289 4104 temporibus
306 4008 345 4080 iu
362 4007 428 4081 Ao
445 4007 633 4103 adportes
651 4008 808 4105 aequales
825 4008 942 4082 factus
959 4009 1107 4104 aequoli-

58 4112 130 4195 b'us
157 4121 387 4217 temporibus
412 4122 450 4193 iu
469 4121 534 4193 AB
558 4119 713 4193 eundem
741 4120 935 4210 rationem,
954 4122 1107 4217 singulae

59 4233 108 4307 ud
124 4235 302 4333 singulus,
316 4258 427 4330 quam
444 4234 556 4308 habet
573 4246 654 4307 tota
667 4234 731 4307 Ac
742 4234 790 4306 ud
808 4246 925 4306 totam
937 4234 1017 4319 ΑΒ,
1031 4234 1107 4305 sive

61 4348 173 4423 etium
187 4371 299 4445 quum
316 4348 428 4421 habet
441 4348 506 4420 ΑΕ
523 4347 572 4421 ad
585 4348 665 4421 AD.
700 4347 822 4420 Etiam
841 4359 965 4444 partes
980 4370 1108 4420 omnes

61 4461 264 4559 [equalibus
281 4461 508 4558 temporibus
525 4461 633 4534 faotae
651 4461 689 4533 in
709 4460 784 4549 EC,
811 4458 1035 4552 (differentia
1052 4461 1108 4533 in-

60 4584 119 4647 ter
135 4573 214 4664 Au,
232 4573 329 4668 ΑΕ),
346 4572 395 4647 od
420 4586 543 4670 partes
561 4597 689 4647 omues
706 4572 908 4670 aequulibus
932 4576 1109 4670 tempori-

891 4710 915 4760 Ε
935 4710 959 4761 n
978 4714 993 4757 α
