<?xml version="1.0" encoding="UTF-8"?>
<!DOCTYPE html PUBLIC "-//W3C//DTD XHTML 1.0 Transitional//EN"
    "http://www.w3.org/TR/xhtml1/DTD/xhtml1-transitional.dtd">
<html xmlns="http://www.w3.org/1999/xhtml" xml:lang="en" lang="en">
 <head>
  <title>
</title>
<meta http-equiv="Content-Type" content="text/html;charset=utf-8" />
  <meta name='ocr-system' content='tesseract 3.04.00' />
  <meta name='ocr-capabilities' content='ocr_page ocr_carea ocr_par ocr_line ocrx_word'/>
</head>
<body>
  <div class='ocr_page' id='page_1' title='image "./thomhobbesmalme03hobbgoog_0342.png"; bbox 0 0 2618 5092; ppageno 0'>
   <div class='ocr_carea' id='block_1_1' title="bbox 303 603 1076 682">
    <p class='ocr_par' dir='ltr' id='par_1_1' title="bbox 303 603 1076 682">
     <span class='ocr_line' id='line_1_1' title="bbox 303 603 1076 682; baseline 0.004 -12"><span class='ocrx_word' id='word_1_1' title='bbox 303 617 587 673; x_wconf 75' lang='lat' dir='ltr'><strong>consummana</strong></span> <span class='ocrx_word' id='word_1_2' title='bbox 606 620 800 675; x_wconf 75' lang='lat' dir='ltr'><strong>cursrcA.</strong></span> <span class='ocrx_word' id='word_1_3' title='bbox 1002 603 1076 682; x_wconf 82' lang='lat'><strong>³27</strong></span> 
     </span>
    </p>
   </div>
   <div class='ocr_carea' id='block_1_2' title="bbox 41 783 1260 2471">
    <p class='ocr_par' dir='ltr' id='par_1_2' title="bbox 41 783 1260 1668">
     <span class='ocr_line' id='line_1_2' title="bbox 82 783 1251 885; baseline -0.003 -27"><span class='ocrx_word' id='word_1_4' title='bbox 82 783 132 859; x_wconf 89' lang='grc' dir='ltr'><strong>Β.</strong></span> <span class='ocrx_word' id='word_1_5' title='bbox 159 784 261 859; x_wconf 88' lang='lat' dir='ltr'>Sunt</span> <span class='ocrx_word' id='word_1_6' title='bbox 294 808 383 882; x_wconf 85' lang='lat' dir='ltr'><strong>ergo</strong></span> <span class='ocrx_word' id='word_1_7' title='bbox 418 787 624 861; x_wconf 89' lang='lat' dir='ltr'><strong>accidentia</strong></span> <span class='ocrx_word' id='word_1_8' title='bbox 661 787 725 862; x_wconf 89' lang='lat' dir='ltr'><strong>illa</strong></span> <span class='ocrx_word' id='word_1_9' title='bbox 758 811 914 885; x_wconf 91' lang='lat' dir='ltr'><strong>quorum</strong></span> <span class='ocrx_word' id='word_1_10' title='bbox 948 810 1078 861; x_wconf 83' lang='lat' dir='ltr'><strong>causas</strong></span> <span class='ocrx_word' id='word_1_11' title='bbox 1125 815 1193 856; x_wconf 73' lang='lat' dir='ltr'><strong>cia.</strong></span> <span class='ocrx_word' id='word_1_12' title='bbox 1209 814 1251 855; x_wconf 77' lang='lat' dir='ltr'><strong>iv.</strong></span> 
     </span>
     <span class='ocr_line' id='line_1_3' title="bbox 41 882 1260 999; baseline 0.001 -26"><span class='ocrx_word' id='word_1_13' title='bbox 41 899 176 995; x_wconf 75' lang='lat' dir='ltr'><strong>queris.</strong></span> <span class='ocrx_word' id='word_1_14' title='bbox 231 898 321 973; x_wconf 81' lang='lat' dir='ltr'><strong>Dixi</strong></span> <span class='ocrx_word' id='word_1_15' title='bbox 347 924 469 999; x_wconf 90' lang='lat' dir='ltr'><strong>supra,</strong></span> <span class='ocrx_word' id='word_1_16' title='bbox 496 900 640 998; x_wconf 91' lang='lat' dir='ltr'><strong>quoda</strong></span> <span class='ocrx_word' id='word_1_17' title='bbox 661 913 767 976; x_wconf 93' lang='lat' dir='ltr'><strong>motu</strong></span> <span class='ocrx_word' id='word_1_18' title='bbox 794 926 902 999; x_wconf 85' lang='lat' dir='ltr'><strong>quern</strong></span> <span class='ocrx_word' id='word_1_19' title='bbox 925 901 964 975; x_wconf 88' lang='lat' dir='ltr'><strong>in</strong></span> <span class='ocrx_word' id='word_1_20' title='bbox 989 901 1078 990; x_wconf 91' lang='lat' dir='ltr'><strong>sole,</strong></span> <span class='ocrx_word' id='word_1_21' title='bbox 1117 882 1260 988; x_wconf 57' lang='lat' dir='ltr'>ffi</span> 
     </span>
     <span class='ocr_line' id='line_1_4' title="bbox 41 1008 1219 1112; baseline 0.001 -26"><span class='ocrx_word' id='word_1_22' title='bbox 41 1013 202 1102; x_wconf 75' lang='lat' dir='ltr'><strong>terra,&#39;et</strong></span> <span class='ocrx_word' id='word_1_23' title='bbox 219 1013 365 1088; x_wconf 68' lang='lat' dir='ltr'><strong>caeteris</strong></span> <span class='ocrx_word' id='word_1_24' title='bbox 382 1016 490 1089; x_wconf 88' lang='lat' dir='ltr'><strong>astris</strong></span> <span class='ocrx_word' id='word_1_25' title='bbox 508 1016 695 1112; x_wconf 87' lang='lat' dir='ltr'><strong>supposui,</strong></span> <span class='ocrx_word' id='word_1_26' title='bbox 712 1040 776 1090; x_wconf 92' lang='lat' dir='ltr'><strong>aer</strong></span> <span class='ocrx_word' id='word_1_27' title='bbox 793 1015 1012 1112; x_wconf 87' lang='lat' dir='ltr'><strong>dissipatur:</strong></span> <span class='ocrx_word' id='word_1_28' title='bbox 1040 1026 1079 1087; x_wconf 90' lang='lat' dir='ltr'><strong>et</strong></span> <span class='ocrx_word' id='word_1_29' title='bbox 1130 1008 1219 1053; x_wconf 69' lang='lat'><strong>⁰¹¹⁰⁰⁰·</strong></span> 
     </span>
     <span class='ocr_line' id='line_1_5' title="bbox 41 1127 1079 1225; baseline 0 -25"><span class='ocrx_word' id='word_1_30' title='bbox 41 1150 98 1223; x_wconf 89' lang='lat' dir='ltr'><strong>per</strong></span> <span class='ocrx_word' id='word_1_31' title='bbox 113 1149 347 1222; x_wconf 88' lang='lat' dir='ltr'><strong>consequens</strong></span> <span class='ocrx_word' id='word_1_32' title='bbox 362 1127 403 1200; x_wconf 92' lang='lat' dir='ltr'><strong>ni</strong></span> <span class='ocrx_word' id='word_1_33' title='bbox 420 1128 578 1202; x_wconf 92' lang='lat' dir='ltr'><strong>mundus</strong></span> <span class='ocrx_word' id='word_1_34' title='bbox 594 1129 725 1225; x_wconf 89' lang='lat' dir='ltr'><strong>plenus</strong></span> <span class='ocrx_word' id='word_1_35' title='bbox 743 1140 851 1218; x_wconf 89' lang='lat' dir='ltr'><strong>esset,</strong></span> <span class='ocrx_word' id='word_1_36' title='bbox 869 1129 1079 1201; x_wconf 89' lang='lat' dir='ltr'><strong>innumera-</strong></span> 
     </span>
     <span class='ocr_line' id='line_1_6' title="bbox 41 1239 1080 1339; baseline 0.001 -26"><span class='ocrx_word' id='word_1_37' title='bbox 41 1239 119 1313; x_wconf 82' lang='lat' dir='ltr'><strong>bilia</strong></span> <span class='ocrx_word' id='word_1_38' title='bbox 135 1252 262 1314; x_wconf 84' lang='lat' dir='ltr'><strong>essent</strong></span> <span class='ocrx_word' id='word_1_39' title='bbox 274 1239 315 1313; x_wconf 93' lang='lat' dir='ltr'><strong>iu</strong></span> <span class='ocrx_word' id='word_1_40' title='bbox 331 1264 415 1314; x_wconf 88' lang='lat' dir='ltr'><strong>aere</strong></span> <span class='ocrx_word' id='word_1_41' title='bbox 432 1241 515 1315; x_wconf 89' lang='lat' dir='ltr'><strong>loca</strong></span> <span class='ocrx_word' id='word_1_42' title='bbox 532 1242 665 1339; x_wconf 82' lang='lat' dir='ltr'><strong>exigua</strong></span> <span class='ocrx_word' id='word_1_43' title='bbox 681 1266 809 1316; x_wconf 87' lang='lat' dir='ltr'><strong>vacua.</strong></span> <span class='ocrx_word' id='word_1_44' title='bbox 850 1241 924 1315; x_wconf 87' lang='lat' dir='ltr'><strong>Sed</strong></span> <span class='ocrx_word' id='word_1_45' title='bbox 940 1241 1080 1314; x_wconf 93' lang='lat' dir='ltr'><strong>mundo</strong></span> 
     </span>
     <span class='ocr_line' id='line_1_7' title="bbox 41 1352 1080 1452; baseline 0.002 -26"><span class='ocrx_word' id='word_1_46' title='bbox 41 1352 153 1450; x_wconf 89' lang='lat' dir='ltr'><strong>pleuo,</strong></span> <span class='ocrx_word' id='word_1_47' title='bbox 181 1353 362 1450; x_wconf 74' lang='lat' dir='ltr'><strong>proximae</strong></span> <span class='ocrx_word' id='word_1_48' title='bbox 390 1366 514 1451; x_wconf 90' lang='lat' dir='ltr'><strong>partes</strong></span> <span class='ocrx_word' id='word_1_49' title='bbox 543 1354 638 1428; x_wconf 87' lang='lat' dir='ltr'><strong>aeris</strong></span> <span class='ocrx_word' id='word_1_50' title='bbox 668 1379 736 1452; x_wconf 88' lang='lat' dir='ltr'><strong>per</strong></span> <span class='ocrx_word' id='word_1_51' title='bbox 764 1355 979 1429; x_wconf 87' lang='lat' dir='ltr'><strong>continuam</strong></span> <span class='ocrx_word' id='word_1_52' title='bbox 1007 1355 1080 1428; x_wconf 86' lang='lat' dir='ltr'><strong>loci</strong></span> 
     </span>
     <span class='ocr_line' id='line_1_8' title="bbox 41 1465 1081 1565; baseline 0.001 -26"><span class='ocrx_word' id='word_1_53' title='bbox 41 1466 281 1540; x_wconf 86' lang='lat' dir='ltr'><strong>mutationem</strong></span> <span class='ocrx_word' id='word_1_54' title='bbox 298 1465 502 1540; x_wconf 87' lang='lat' dir='ltr'><strong>succedunt</strong></span> <span class='ocrx_word' id='word_1_55' title='bbox 524 1467 564 1541; x_wconf 95' lang='lat' dir='ltr'><strong>in</strong></span> <span class='ocrx_word' id='word_1_56' title='bbox 588 1467 713 1541; x_wconf 89' lang='lat' dir='ltr'><strong>locum</strong></span> <span class='ocrx_word' id='word_1_57' title='bbox 735 1467 973 1565; x_wconf 83' lang='lat' dir='ltr'><strong>disjectarum</strong></span> <span class='ocrx_word' id='word_1_58' title='bbox 995 1491 1081 1565; x_wconf 91' lang='lat' dir='ltr'><strong>par-</strong></span> 
     </span>
     <span class='ocr_line' id='line_1_9' title="bbox 41 1579 607 1668; baseline 0 -16"><span class='ocrx_word' id='word_1_59' title='bbox 41 1579 140 1668; x_wconf 89' lang='lat' dir='ltr'><strong>tium,</strong></span> <span class='ocrx_word' id='word_1_60' title='bbox 157 1602 229 1653; x_wconf 91' lang='lat' dir='ltr'><strong>nec</strong></span> <span class='ocrx_word' id='word_1_61' title='bbox 243 1603 359 1652; x_wconf 86' lang='lat' dir='ltr'><strong>vacua</strong></span> <span class='ocrx_word' id='word_1_62' title='bbox 372 1602 451 1652; x_wconf 91' lang='lat' dir='ltr'><strong>esse</strong></span> <span class='ocrx_word' id='word_1_63' title='bbox 468 1580 607 1652; x_wconf 90' lang='lat' dir='ltr'><strong>sinunt.</strong></span> 
     </span>
    </p>

    <p class='ocr_par' dir='ltr' id='par_1_3' title="bbox 41 1690 1087 2471">
     <span class='ocr_line' id='line_1_10' title="bbox 83 1690 1081 1790; baseline -0.002 -24"><span class='ocrx_word' id='word_1_64' title='bbox 83 1691 178 1766; x_wconf 87' lang='lat' dir='ltr'><strong>Cum</strong></span> <span class='ocrx_word' id='word_1_65' title='bbox 204 1715 294 1788; x_wconf 84' lang='lat' dir='ltr'><strong>ergo</strong></span> <span class='ocrx_word' id='word_1_66' title='bbox 311 1716 335 1764; x_wconf 89' lang='lat' dir='ltr'><strong>a</strong></span> <span class='ocrx_word' id='word_1_67' title='bbox 350 1702 454 1765; x_wconf 89' lang='lat' dir='ltr'><strong>motu</strong></span> <span class='ocrx_word' id='word_1_68' title='bbox 470 1690 668 1765; x_wconf 90' lang='lat' dir='ltr'><strong>illiusmodi</strong></span> <span class='ocrx_word' id='word_1_69' title='bbox 684 1691 796 1765; x_wconf 91' lang='lat' dir='ltr'><strong>solari</strong></span> <span class='ocrx_word' id='word_1_70' title='bbox 813 1715 877 1765; x_wconf 88' lang='lat' dir='ltr'><strong>aer</strong></span> <span class='ocrx_word' id='word_1_71' title='bbox 889 1694 998 1790; x_wconf 86' lang='lat' dir='ltr'><strong>juxta</strong></span> <span class='ocrx_word' id='word_1_72' title='bbox 1020 1717 1081 1766; x_wconf 91' lang='lat' dir='ltr'><strong>su-</strong></span> 
     </span>
     <span class='ocr_line' id='line_1_11' title="bbox 41 1805 1083 1904; baseline 0.001 -25"><span class='ocrx_word' id='word_1_73' title='bbox 41 1806 223 1903; x_wconf 89' lang='lat' dir='ltr'><strong>perficiem</strong></span> <span class='ocrx_word' id='word_1_74' title='bbox 251 1818 373 1894; x_wconf 81' lang='lat' dir='ltr'><strong>terrae,</strong></span> <span class='ocrx_word' id='word_1_75' title='bbox 405 1817 447 1878; x_wconf 92' lang='lat' dir='ltr'><strong>nt</strong></span> <span class='ocrx_word' id='word_1_76' title='bbox 476 1805 565 1894; x_wconf 85' lang='lat' dir='ltr'><strong>dixi,</strong></span> <span class='ocrx_word' id='word_1_77' title='bbox 593 1805 788 1894; x_wconf 90' lang='lat' dir='ltr'><strong>laceretur,</strong></span> <span class='ocrx_word' id='word_1_78' title='bbox 820 1805 892 1880; x_wconf 88' lang='lat' dir='ltr'><strong>nisi</strong></span> <span class='ocrx_word' id='word_1_79' title='bbox 920 1807 1083 1904; x_wconf 89' lang='lat' dir='ltr'><strong>corporis</strong></span> 
     </span>
     <span class='ocr_line' id='line_1_12' title="bbox 41 1917 1084 2017; baseline 0.001 -24"><span class='ocrx_word' id='word_1_80' title='bbox 41 1918 175 2017; x_wconf 89' lang='lat' dir='ltr'><strong>aliquid</strong></span> <span class='ocrx_word' id='word_1_81' title='bbox 193 1942 240 1992; x_wconf 82' lang='lat' dir='ltr'><strong>ex</strong></span> <span class='ocrx_word' id='word_1_82' title='bbox 257 1919 338 2015; x_wconf 89' lang='lat' dir='ltr'><strong>ipsa</strong></span> <span class='ocrx_word' id='word_1_83' title='bbox 361 1929 461 1992; x_wconf 91' lang='lat' dir='ltr'><strong>terra</strong></span> <span class='ocrx_word' id='word_1_84' title='bbox 485 1917 679 2014; x_wconf 87' lang='lat' dir='ltr'><strong>egrediens</strong></span> <span class='ocrx_word' id='word_1_85' title='bbox 696 1931 891 2016; x_wconf 89' lang='lat' dir='ltr'><strong>rupturam</strong></span> <span class='ocrx_word' id='word_1_86' title='bbox 908 1919 1010 1993; x_wconf 92' lang='lat' dir='ltr'><strong>illam</strong></span> <span class='ocrx_word' id='word_1_87' title='bbox 1027 1945 1084 1994; x_wconf 91' lang='lat' dir='ltr'><strong>re-</strong></span> 
     </span>
     <span class='ocr_line' id='line_1_13' title="bbox 41 2029 1084 2133; baseline 0.003 -28"><span class='ocrx_word' id='word_1_88' title='bbox 41 2031 202 2121; x_wconf 82' lang='lat' dir='ltr'><strong>sarciret,</strong></span> <span class='ocrx_word' id='word_1_89' title='bbox 221 2054 348 2104; x_wconf 90' lang='lat' dir='ltr'><strong>rnrsus</strong></span> <span class='ocrx_word' id='word_1_90' title='bbox 365 2030 414 2105; x_wconf 92' lang='lat' dir='ltr'><strong>ad</strong></span> <span class='ocrx_word' id='word_1_91' title='bbox 430 2055 588 2133; x_wconf 86' lang='lat' dir='ltr'><strong>vacuum</strong></span> <span class='ocrx_word' id='word_1_92' title='bbox 609 2029 841 2105; x_wconf 88' lang='lat' dir='ltr'><strong>redeundum</strong></span> <span class='ocrx_word' id='word_1_93' title='bbox 858 2043 966 2106; x_wconf 89' lang='lat' dir='ltr'><strong>esset.</strong></span> <span class='ocrx_word' id='word_1_94' title='bbox 1018 2035 1084 2108; x_wconf 89' lang='lat' dir='ltr'><strong>Sin</strong></span> 
     </span>
     <span class='ocr_line' id='line_1_14' title="bbox 41 2144 1084 2242; baseline 0.003 -24"><span class='ocrx_word' id='word_1_95' title='bbox 41 2144 175 2242; x_wconf 91' lang='lat' dir='ltr'><strong>aliquid</strong></span> <span class='ocrx_word' id='word_1_96' title='bbox 185 2168 234 2219; x_wconf 89' lang='lat' dir='ltr'><strong>ex</strong></span> <span class='ocrx_word' id='word_1_97' title='bbox 250 2145 332 2241; x_wconf 91' lang='lat' dir='ltr'><strong>ipsa</strong></span> <span class='ocrx_word' id='word_1_98' title='bbox 343 2157 443 2219; x_wconf 89' lang='lat' dir='ltr'><strong>terra</strong></span> <span class='ocrx_word' id='word_1_99' title='bbox 455 2144 680 2240; x_wconf 85' lang='lat' dir='ltr'><strong>egrediatur,</strong></span> <span class='ocrx_word' id='word_1_100' title='bbox 695 2156 785 2219; x_wconf 90' lang='lat' dir='ltr'><strong>tunc</strong></span> <span class='ocrx_word' id='word_1_101' title='bbox 796 2145 991 2221; x_wconf 89' lang='lat' dir='ltr'><strong>manifeste</strong></span> <span class='ocrx_word' id='word_1_102' title='bbox 1002 2150 1084 2221; x_wconf 89' lang='lat' dir='ltr'><strong>fieri</strong></span> 
     </span>
     <span class='ocr_line' id='line_1_15' title="bbox 41 2259 1087 2356; baseline 0.002 -23"><span class='ocrx_word' id='word_1_103' title='bbox 41 2259 230 2356; x_wconf 84' lang='lat' dir='ltr'><strong>perhanc</strong></span> <span class='ocrx_word' id='word_1_104' title='bbox 258 2272 400 2333; x_wconf 90' lang='lat' dir='ltr'><strong>motum</strong></span> <span class='ocrx_word' id='word_1_105' title='bbox 427 2260 542 2350; x_wconf 82' lang='lat' dir='ltr'><strong>videa,</strong></span> <span class='ocrx_word' id='word_1_106' title='bbox 566 2269 610 2332; x_wconf 91' lang='lat' dir='ltr'><strong>ut</strong></span> <span class='ocrx_word' id='word_1_107' title='bbox 635 2259 760 2334; x_wconf 85' lang='lat' dir='ltr'><strong>fluidae</strong></span> <span class='ocrx_word' id='word_1_108' title='bbox 786 2273 911 2356; x_wconf 91' lang='lat' dir='ltr'><strong>partes</strong></span> <span class='ocrx_word' id='word_1_109' title='bbox 938 2285 959 2334; x_wconf 94' lang='lat' dir='ltr'><strong>e</strong></span> <span class='ocrx_word' id='word_1_110' title='bbox 987 2272 1087 2335; x_wconf 87' lang='lat' dir='ltr'><strong>terra</strong></span> 
     </span>
     <span class='ocr_line' id='line_1_16' title="bbox 41 2372 1086 2471; baseline 0.001 -24"><span class='ocrx_word' id='word_1_111' title='bbox 41 2385 219 2470; x_wconf 84' lang='lat' dir='ltr'><strong>cogantur</strong></span> <span class='ocrx_word' id='word_1_112' title='bbox 254 2372 437 2446; x_wconf 86' lang='lat' dir='ltr'><strong>exhalare.</strong></span> <span class='ocrx_word' id='word_1_113' title='bbox 506 2372 684 2468; x_wconf 91' lang='lat' dir='ltr'><strong>Idemque</strong></span> <span class='ocrx_word' id='word_1_114' title='bbox 719 2374 905 2470; x_wconf 86' lang='lat' dir='ltr'><strong>contingit</strong></span> <span class='ocrx_word' id='word_1_115' title='bbox 939 2376 1086 2471; x_wconf 89' lang='lat' dir='ltr'><strong>corpori</strong></span> 
     </span>
    </p>
   </div>
   <div class='ocr_carea' id='block_1_3' title="bbox 41 2485 1084 2583">
    <p class='ocr_par' dir='ltr' id='par_1_4' title="bbox 41 2485 1084 2583">
     <span class='ocr_line' id='line_1_17' title="bbox 41 2485 1084 2583; baseline 0.003 -25"><span class='ocrx_word' id='word_1_116' title='bbox 41 2485 222 2560; x_wconf 86' lang='lat' dir='ltr'><strong>hnmano:</strong></span> <span class='ocrx_word' id='word_1_117' title='bbox 250 2485 350 2582; x_wconf 91' lang='lat' dir='ltr'><strong>qnod</strong></span> <span class='ocrx_word' id='word_1_118' title='bbox 379 2486 523 2583; x_wconf 90' lang='lat' dir='ltr'><strong>quoties</strong></span> <span class='ocrx_word' id='word_1_119' title='bbox 556 2487 669 2560; x_wconf 93' lang='lat' dir='ltr'><strong>homo</strong></span> <span class='ocrx_word' id='word_1_120' title='bbox 697 2488 824 2578; x_wconf 88' lang='lat' dir='ltr'><strong>sentit,</strong></span> <span class='ocrx_word' id='word_1_121' title='bbox 855 2487 1017 2563; x_wconf 90' lang='lat' dir='ltr'><strong>calidum</strong></span> <span class='ocrx_word' id='word_1_122' title='bbox 1045 2513 1084 2561; x_wconf 88' lang='lat' dir='ltr'><strong>se</strong></span> 
     </span>
    </p>
   </div>
   <div class='ocr_carea' id='block_1_4' title="bbox 41 2598 1084 3013">
    <p class='ocr_par' dir='ltr' id='par_1_5' title="bbox 41 2598 1084 2922">
     <span class='ocr_line' id='line_1_18' title="bbox 42 2598 1083 2699; baseline 0.002 -26"><span class='ocrx_word' id='word_1_123' title='bbox 42 2622 115 2673; x_wconf 85' lang='lat' dir='ltr'><strong>esse</strong></span> <span class='ocrx_word' id='word_1_124' title='bbox 141 2598 245 2672; x_wconf 90' lang='lat' dir='ltr'><strong>dicit.</strong></span> <span class='ocrx_word' id='word_1_125' title='bbox 298 2599 487 2684; x_wconf 90' lang='lat' dir='ltr'><strong>Similiter,</strong></span> <span class='ocrx_word' id='word_1_126' title='bbox 514 2598 659 2695; x_wconf 89' lang='lat' dir='ltr'><strong>quoties</strong></span> <span class='ocrx_word' id='word_1_127' title='bbox 685 2609 822 2674; x_wconf 91' lang='lat' dir='ltr'><strong>terram</strong></span> <span class='ocrx_word' id='word_1_128' title='bbox 849 2600 951 2675; x_wconf 85' lang='lat' dir='ltr'><strong>videt</strong></span> <span class='ocrx_word' id='word_1_129' title='bbox 977 2626 1083 2699; x_wconf 86' lang='lat' dir='ltr'><strong>aquae</strong></span> 
     </span>
     <span class='ocr_line' id='line_1_19' title="bbox 41 2713 1084 2812; baseline 0.001 -26"><span class='ocrx_word' id='word_1_130' title='bbox 41 2722 219 2810; x_wconf 85' lang='lat' dir='ltr'><strong>terraeqne</strong></span> <span class='ocrx_word' id='word_1_131' title='bbox 251 2713 451 2810; x_wconf 88' lang='lat' dir='ltr'><strong>particulas</strong></span> <span class='ocrx_word' id='word_1_132' title='bbox 485 2713 653 2786; x_wconf 89' lang='lat' dir='ltr'><strong>emittere</strong></span> <span class='ocrx_word' id='word_1_133' title='bbox 690 2714 817 2789; x_wconf 78' lang='lat' dir='ltr'><strong>aestivo</strong></span> <span class='ocrx_word' id='word_1_134' title='bbox 849 2727 1015 2812; x_wconf 90' lang='lat' dir='ltr'><strong>tempore</strong></span> <span class='ocrx_word' id='word_1_135' title='bbox 1045 2716 1084 2788; x_wconf 94' lang='lat' dir='ltr'><strong>in</strong></span> 
     </span>
     <span class='ocr_line' id='line_1_20' title="bbox 42 2824 802 2922; baseline 0.001 -24"><span class='ocrx_word' id='word_1_136' title='bbox 42 2824 195 2920; x_wconf 76' lang='lat' dir='ltr'><strong>plautae,</strong></span> <span class='ocrx_word' id='word_1_137' title='bbox 213 2848 237 2897; x_wconf 91' lang='lat' dir='ltr'><strong>a</strong></span> <span class='ocrx_word' id='word_1_138' title='bbox 253 2824 376 2898; x_wconf 88' lang='lat' dir='ltr'><strong>calore</strong></span> <span class='ocrx_word' id='word_1_139' title='bbox 393 2824 479 2898; x_wconf 92' lang='lat' dir='ltr'><strong>solis</strong></span> <span class='ocrx_word' id='word_1_140' title='bbox 496 2824 536 2898; x_wconf 94' lang='lat' dir='ltr'><strong>id</strong></span> <span class='ocrx_word' id='word_1_141' title='bbox 551 2825 632 2899; x_wconf 90' lang='lat' dir='ltr'><strong>fieri</strong></span> <span class='ocrx_word' id='word_1_142' title='bbox 646 2825 802 2922; x_wconf 89' lang='lat' dir='ltr'><strong>judicat.</strong></span> 
     </span>
    </p>

    <p class='ocr_par' dir='ltr' id='par_1_6' title="bbox 87 2936 1081 3013">
     <span class='ocr_line' id='line_1_21' title="bbox 87 2936 1081 3013; baseline 0.001 -1"><span class='ocrx_word' id='word_1_143' title='bbox 87 2938 138 3012; x_wconf 87' lang='grc' dir='ltr'><strong>Α.</strong></span> <span class='ocrx_word' id='word_1_144' title='bbox 165 2936 481 3011; x_wconf 86' lang='lat' dir='ltr'><strong>Verisimillimum</strong></span> <span class='ocrx_word' id='word_1_145' title='bbox 511 2947 578 3011; x_wconf 89' lang='lat' dir='ltr'><strong>est.</strong></span> <span class='ocrx_word' id='word_1_146' title='bbox 630 2938 711 3012; x_wconf 92' lang='lat' dir='ltr'><strong>Nec</strong></span> <span class='ocrx_word' id='word_1_147' title='bbox 739 2939 861 3012; x_wconf 90' lang='lat' dir='ltr'><strong>minus</strong></span> <span class='ocrx_word' id='word_1_148' title='bbox 884 2940 1081 3013; x_wconf 90' lang='lat' dir='ltr'><strong>verisimile</strong></span> 
     </span>
    </p>
   </div>
   <div class='ocr_carea' id='block_1_5' title="bbox 43 3049 1087 4622">
    <p class='ocr_par' dir='ltr' id='par_1_7' title="bbox 44 3049 1084 3355">
     <span class='ocr_line' id='line_1_22' title="bbox 44 3049 1083 3149; baseline 0.003 -26"><span class='ocrx_word' id='word_1_149' title='bbox 44 3059 106 3140; x_wconf 85' lang='lat' dir='ltr'><strong>est,</strong></span> <span class='ocrx_word' id='word_1_150' title='bbox 124 3050 259 3124; x_wconf 90' lang='lat' dir='ltr'><strong>eodem</strong></span> <span class='ocrx_word' id='word_1_151' title='bbox 276 3049 386 3124; x_wconf 91' lang='lat' dir='ltr'><strong>modo</strong></span> <span class='ocrx_word' id='word_1_152' title='bbox 404 3073 425 3123; x_wconf 92' lang='lat' dir='ltr'><strong>e</strong></span> <span class='ocrx_word' id='word_1_153' title='bbox 442 3049 546 3140; x_wconf 88' lang='lat' dir='ltr'><strong>mari,</strong></span> <span class='ocrx_word' id='word_1_154' title='bbox 564 3050 789 3140; x_wconf 89' lang='lat' dir='ltr'><strong>fluminibus,</strong></span> <span class='ocrx_word' id='word_1_155' title='bbox 801 3064 840 3124; x_wconf 89' lang='lat' dir='ltr'><strong>et</strong></span> <span class='ocrx_word' id='word_1_156' title='bbox 856 3051 947 3125; x_wconf 91' lang='lat' dir='ltr'><strong>locis</strong></span> <span class='ocrx_word' id='word_1_157' title='bbox 959 3052 1083 3149; x_wconf 90' lang='lat' dir='ltr'><strong>palus-</strong></span> 
     </span>
     <span class='ocr_line' id='line_1_23' title="bbox 44 3162 1084 3262; baseline 0.002 -26"><span class='ocrx_word' id='word_1_158' title='bbox 44 3163 166 3252; x_wconf 82' lang='lat' dir='ltr'><strong>tribus,</strong></span> <span class='ocrx_word' id='word_1_159' title='bbox 183 3162 344 3237; x_wconf 84' lang='lat' dir='ltr'><strong>maxime</strong></span> <span class='ocrx_word' id='word_1_160' title='bbox 361 3186 449 3237; x_wconf 91' lang='lat' dir='ltr'><strong>vero</strong></span> <span class='ocrx_word' id='word_1_161' title='bbox 466 3163 512 3237; x_wconf 92' lang='lat' dir='ltr'><strong>ab</strong></span> <span class='ocrx_word' id='word_1_162' title='bbox 530 3187 682 3252; x_wconf 89' lang='lat' dir='ltr'><strong>oceano,</strong></span> <span class='ocrx_word' id='word_1_163' title='bbox 700 3164 847 3238; x_wconf 85' lang='lat' dir='ltr'><strong>evocari</strong></span> <span class='ocrx_word' id='word_1_164' title='bbox 869 3188 976 3261; x_wconf 86' lang='lat' dir='ltr'><strong>aquae</strong></span> <span class='ocrx_word' id='word_1_165' title='bbox 998 3190 1084 3262; x_wconf 88' lang='lat' dir='ltr'><strong>par-</strong></span> 
     </span>
     <span class='ocr_line' id='line_1_24' title="bbox 44 3275 373 3355; baseline -0.015 -1"><span class='ocrx_word' id='word_1_166' title='bbox 44 3275 169 3355; x_wconf 86' lang='lat' dir='ltr'><strong>ticulas</strong></span> <span class='ocrx_word' id='word_1_167' title='bbox 186 3276 226 3350; x_wconf 90' lang='lat' dir='ltr'><strong>in</strong></span> <span class='ocrx_word' id='word_1_168' title='bbox 244 3276 373 3350; x_wconf 87' lang='lat' dir='ltr'><strong>nubes.</strong></span> 
     </span>
    </p>

    <p class='ocr_par' dir='ltr' id='par_1_8' title="bbox 43 3388 1085 3712">
     <span class='ocr_line' id='line_1_25' title="bbox 88 3388 1084 3489; baseline 0.002 -25"><span class='ocrx_word' id='word_1_169' title='bbox 88 3388 350 3464; x_wconf 78' lang='lat' dir='ltr'><strong>calefactionis</strong></span> <span class='ocrx_word' id='word_1_170' title='bbox 366 3400 491 3463; x_wconf 90' lang='lat' dir='ltr'><strong>antem</strong></span> <span class='ocrx_word' id='word_1_171' title='bbox 509 3389 636 3464; x_wconf 86' lang='lat' dir='ltr'><strong>multae</strong></span> <span class='ocrx_word' id='word_1_172' title='bbox 650 3390 732 3465; x_wconf 88' lang='lat' dir='ltr'><strong>aliae</strong></span> <span class='ocrx_word' id='word_1_173' title='bbox 749 3414 869 3466; x_wconf 85' lang='lat' dir='ltr'><strong>causae</strong></span> <span class='ocrx_word' id='word_1_174' title='bbox 886 3403 972 3466; x_wconf 89' lang='lat' dir='ltr'><strong>sunt</strong></span> <span class='ocrx_word' id='word_1_175' title='bbox 989 3416 1084 3489; x_wconf 86' lang='lat' dir='ltr'><strong>prae-</strong></span> 
     </span>
     <span class='ocr_line' id='line_1_26' title="bbox 43 3502 1085 3600; baseline 0.005 -26"><span class='ocrx_word' id='word_1_176' title='bbox 43 3512 96 3575; x_wconf 80' lang='lat' dir='ltr'><strong>ter</strong></span> <span class='ocrx_word' id='word_1_177' title='bbox 111 3503 300 3577; x_wconf 91' lang='lat' dir='ltr'><strong>actionem</strong></span> <span class='ocrx_word' id='word_1_178' title='bbox 317 3502 404 3575; x_wconf 88' lang='lat' dir='ltr'><strong>solis</strong></span> <span class='ocrx_word' id='word_1_179' title='bbox 420 3513 486 3576; x_wconf 92' lang='lat' dir='ltr'><strong>aut</strong></span> <span class='ocrx_word' id='word_1_180' title='bbox 504 3502 611 3598; x_wconf 88' lang='lat' dir='ltr'><strong>ignis.</strong></span> <span class='ocrx_word' id='word_1_181' title='bbox 663 3503 747 3578; x_wconf 93' lang='lat' dir='ltr'><strong>Duo</strong></span> <span class='ocrx_word' id='word_1_182' title='bbox 766 3503 868 3600; x_wconf 82' lang='lat' dir='ltr'><strong>ligna</strong></span> <span class='ocrx_word' id='word_1_183' title='bbox 890 3505 987 3579; x_wconf 92' lang='lat' dir='ltr'><strong>inter</strong></span> <span class='ocrx_word' id='word_1_184' title='bbox 1008 3516 1085 3580; x_wconf 92' lang='lat' dir='ltr'><strong>tor-</strong></span> 
     </span>
     <span class='ocr_line' id='line_1_27' title="bbox 43 3614 1008 3712; baseline 0.003 -22"><span class='ocrx_word' id='word_1_185' title='bbox 43 3616 203 3690; x_wconf 90' lang='lat' dir='ltr'><strong>nandum</strong></span> <span class='ocrx_word' id='word_1_186' title='bbox 221 3614 370 3688; x_wconf 85' lang='lat' dir='ltr'><strong>affricta</strong></span> <span class='ocrx_word' id='word_1_187' title='bbox 385 3627 514 3690; x_wconf 93' lang='lat' dir='ltr'><strong>mutuo</strong></span> <span class='ocrx_word' id='word_1_188' title='bbox 532 3616 732 3712; x_wconf 87' lang='lat' dir='ltr'><strong>saepissime</strong></span> <span class='ocrx_word' id='word_1_189' title='bbox 747 3618 1008 3693; x_wconf 87' lang='lat' dir='ltr'><strong>incenduntur.</strong></span> 
     </span>
    </p>

    <p class='ocr_par' dir='ltr' id='par_1_9' title="bbox 45 3728 1087 4257">
     <span class='ocr_line' id='line_1_28' title="bbox 87 3728 1086 3824; baseline 0.006 -23"><span class='ocrx_word' id='word_1_190' title='bbox 87 3729 139 3804; x_wconf 89' lang='lat' dir='ltr'><strong>B.</strong></span> <span class='ocrx_word' id='word_1_191' title='bbox 167 3728 367 3802; x_wconf 83' lang='lat' dir='ltr'><strong>Manifesta</strong></span> <span class='ocrx_word' id='word_1_192' title='bbox 384 3728 445 3802; x_wconf 91' lang='lat' dir='ltr'><strong>hic</strong></span> <span class='ocrx_word' id='word_1_193' title='bbox 462 3741 519 3802; x_wconf 89' lang='lat' dir='ltr'><strong>est</strong></span> <span class='ocrx_word' id='word_1_194' title='bbox 536 3752 661 3803; x_wconf 91' lang='lat' dir='ltr'><strong>rursus</strong></span> <span class='ocrx_word' id='word_1_195' title='bbox 683 3730 859 3807; x_wconf 88' lang='lat' dir='ltr'><strong>laceratio</strong></span> <span class='ocrx_word' id='word_1_196' title='bbox 872 3733 980 3824; x_wconf 90' lang='lat' dir='ltr'><strong>aeris,</strong></span> <span class='ocrx_word' id='word_1_197' title='bbox 998 3746 1086 3807; x_wconf 88' lang='lat' dir='ltr'><strong>nata</strong></span> 
     </span>
     <span class='ocr_line' id='line_1_29' title="bbox 45 3839 1085 3944; baseline 0.007 -31"><span class='ocrx_word' id='word_1_198' title='bbox 45 3842 240 3917; x_wconf 89' lang='lat' dir='ltr'><strong>amotibus</strong></span> <span class='ocrx_word' id='word_1_199' title='bbox 258 3839 415 3915; x_wconf 91' lang='lat' dir='ltr'><strong>duorum</strong></span> <span class='ocrx_word' id='word_1_200' title='bbox 430 3842 616 3938; x_wconf 84' lang='lat' dir='ltr'><strong>lignorum</strong></span> <span class='ocrx_word' id='word_1_201' title='bbox 634 3845 849 3919; x_wconf 89' lang='lat' dir='ltr'><strong>contrariis:</strong></span> <span class='ocrx_word' id='word_1_202' title='bbox 875 3857 985 3944; x_wconf 88' lang='lat' dir='ltr'><strong>atque</strong></span> <span class='ocrx_word' id='word_1_203' title='bbox 998 3847 1085 3920; x_wconf 88' lang='lat' dir='ltr'><strong>inde</strong></span> 
     </span>
     <span class='ocr_line' id='line_1_30' title="bbox 46 3954 1087 4056; baseline 0.006 -29"><span class='ocrx_word' id='word_1_204' title='bbox 46 3954 247 4029; x_wconf 90' lang='lat' dir='ltr'><strong>necessario</strong></span> <span class='ocrx_word' id='word_1_205' title='bbox 264 3955 428 4052; x_wconf 88' lang='lat' dir='ltr'><strong>sequitur</strong></span> <span class='ocrx_word' id='word_1_206' title='bbox 451 3956 612 4051; x_wconf 83' lang='lat' dir='ltr'><strong>egressio</strong></span> <span class='ocrx_word' id='word_1_207' title='bbox 634 3959 798 4055; x_wconf 89' lang='lat' dir='ltr'><strong>corporis</strong></span> <span class='ocrx_word' id='word_1_208' title='bbox 822 3959 922 4056; x_wconf 90' lang='lat' dir='ltr'><strong>quod</strong></span> <span class='ocrx_word' id='word_1_209' title='bbox 949 3961 988 4033; x_wconf 94' lang='lat' dir='ltr'><strong>in</strong></span> <span class='ocrx_word' id='word_1_210' title='bbox 1014 3961 1087 4033; x_wconf 92' lang='lat' dir='ltr'><strong>illis</strong></span> 
     </span>
     <span class='ocr_line' id='line_1_31' title="bbox 47 4068 1085 4170; baseline 0.002 -27"><span class='ocrx_word' id='word_1_211' title='bbox 47 4082 98 4143; x_wconf 83' lang='lat' dir='ltr'><strong>est</strong></span> <span class='ocrx_word' id='word_1_212' title='bbox 119 4069 233 4159; x_wconf 87' lang='lat' dir='ltr'><strong>aerei,</strong></span> <span class='ocrx_word' id='word_1_213' title='bbox 251 4078 300 4157; x_wconf 92' lang='lat' dir='ltr'><strong>et,</strong></span> <span class='ocrx_word' id='word_1_214' title='bbox 316 4077 419 4141; x_wconf 90' lang='lat' dir='ltr'><strong>motu</strong></span> <span class='ocrx_word' id='word_1_215' title='bbox 435 4068 498 4142; x_wconf 93' lang='lat' dir='ltr'><strong>illo</strong></span> <span class='ocrx_word' id='word_1_216' title='bbox 517 4069 744 4163; x_wconf 74' lang='lat' dir='ltr'><strong>continuam,</strong></span> <span class='ocrx_word' id='word_1_217' title='bbox 760 4073 951 4148; x_wconf 89' lang='lat' dir='ltr'><strong>dissolutio</strong></span> <span class='ocrx_word' id='word_1_218' title='bbox 973 4073 1085 4170; x_wconf 88' lang='lat' dir='ltr'><strong>parti-</strong></span> 
     </span>
     <span class='ocr_line' id='line_1_32' title="bbox 49 4181 649 4257; baseline 0 0"><span class='ocrx_word' id='word_1_219' title='bbox 49 4182 207 4257; x_wconf 79' lang='lat' dir='ltr'><strong>cularum</strong></span> <span class='ocrx_word' id='word_1_220' title='bbox 226 4181 427 4255; x_wconf 88' lang='lat' dir='ltr'><strong>solidarum</strong></span> <span class='ocrx_word' id='word_1_221' title='bbox 444 4182 482 4255; x_wconf 93' lang='lat' dir='ltr'><strong>in</strong></span> <span class='ocrx_word' id='word_1_222' title='bbox 496 4182 649 4257; x_wconf 81' lang='lat' dir='ltr'><strong>cineres</strong></span> 
     </span>
    </p>

    <p class='ocr_par' dir='ltr' id='par_1_10' title="bbox 50 4294 1087 4507">
     <span class='ocr_line' id='line_1_33' title="bbox 91 4294 1087 4392; baseline 0.001 -22"><span class='ocrx_word' id='word_1_223' title='bbox 91 4296 142 4370; x_wconf 83' lang='lat' dir='ltr'><strong>A.</strong></span> <span class='ocrx_word' id='word_1_224' title='bbox 170 4294 280 4370; x_wconf 92' lang='lat' dir='ltr'><strong>Unde</strong></span> <span class='ocrx_word' id='word_1_225' title='bbox 297 4294 342 4367; x_wconf 91' lang='lat' dir='ltr'><strong>fit</strong></span> <span class='ocrx_word' id='word_1_226' title='bbox 358 4294 460 4392; x_wconf 92' lang='lat' dir='ltr'><strong>quod</strong></span> <span class='ocrx_word' id='word_1_227' title='bbox 476 4295 587 4368; x_wconf 93' lang='lat' dir='ltr'><strong>homo</strong></span> <span class='ocrx_word' id='word_1_228' title='bbox 606 4296 783 4371; x_wconf 88' lang='lat' dir='ltr'><strong>etiamad</strong></span> <span class='ocrx_word' id='word_1_229' title='bbox 801 4298 972 4371; x_wconf 91' lang='lat' dir='ltr'><strong>sudorem</strong></span> <span class='ocrx_word' id='word_1_230' title='bbox 991 4297 1087 4370; x_wconf 88' lang='lat' dir='ltr'><strong>cale-</strong></span> 
     </span>
     <span class='ocr_line' id='line_1_34' title="bbox 50 4407 873 4507; baseline 0.004 -26"><span class='ocrx_word' id='word_1_231' title='bbox 50 4407 87 4483; x_wconf 88' lang='lat' dir='ltr'><strong>fit</strong></span> <span class='ocrx_word' id='word_1_232' title='bbox 102 4411 148 4484; x_wconf 91' lang='lat' dir='ltr'><strong>ab</strong></span> <span class='ocrx_word' id='word_1_233' title='bbox 163 4410 266 4484; x_wconf 91' lang='lat' dir='ltr'><strong>omni</strong></span> <span class='ocrx_word' id='word_1_234' title='bbox 282 4408 360 4482; x_wconf 82' lang='lat' dir='ltr'><strong>fere</strong></span> <span class='ocrx_word' id='word_1_235' title='bbox 376 4409 503 4483; x_wconf 88' lang='lat' dir='ltr'><strong>labore</strong></span> <span class='ocrx_word' id='word_1_236' title='bbox 521 4411 683 4507; x_wconf 88' lang='lat' dir='ltr'><strong>corporis</strong></span> <span class='ocrx_word' id='word_1_237' title='bbox 700 4412 873 4486; x_wconf 80' lang='lat' dir='ltr'><strong>insolito?</strong></span> 
     </span>
    </p>

    <p class='ocr_par' dir='ltr' id='par_1_11' title="bbox 93 4522 1087 4622">
     <span class='ocr_line' id='line_1_35' title="bbox 93 4522 1087 4622; baseline -0.002 -24"><span class='ocrx_word' id='word_1_238' title='bbox 93 4523 142 4598; x_wconf 93' lang='lat' dir='ltr'><strong>B.</strong></span> <span class='ocrx_word' id='word_1_239' title='bbox 170 4522 356 4599; x_wconf 78' lang='lat' dir='ltr'><strong>Quoniam</strong></span> <span class='ocrx_word' id='word_1_240' title='bbox 391 4524 556 4621; x_wconf 91' lang='lat' dir='ltr'><strong>corporis</strong></span> <span class='ocrx_word' id='word_1_241' title='bbox 584 4524 735 4599; x_wconf 87' lang='lat' dir='ltr'><strong>humani</strong></span> <span class='ocrx_word' id='word_1_242' title='bbox 765 4525 925 4622; x_wconf 90' lang='lat' dir='ltr'><strong>liquores</strong></span> <span class='ocrx_word' id='word_1_243' title='bbox 953 4524 1087 4597; x_wconf 89' lang='lat' dir='ltr'><strong>interni</strong></span> 
     </span>
    </p>
   </div>
   <div class='ocr_carea' id='block_1_6' title="bbox 0 0 1323 5092">
    <p class='ocr_par' dir='ltr' id='par_1_12' title="bbox 0 0 1323 5092">
     <span class='ocr_line' id='line_1_36' title="bbox 0 0 1323 5092; baseline 0 0"><span class='ocrx_word' id='word_1_244' title='bbox 0 0 1323 5092; x_wconf 95' lang='lat' dir='ltr'><strong> </strong></span> 
     </span>
    </p>
   </div>
  </div>
 </body>
</html>
