2640 5092
418 1590 511 1673 ΑΙ)
567 1590 851 1688 REGEM,

60 2158 173 2231 Fano
209 2156 258 2231 ad
287 2168 337 2246 te,
371 2159 638 2255 potentissime,
670 2160 910 2249 serenissime,
945 2159 1084 2256 optime
1115 2159 1207 2249 Rex,

56 2304 334 2405 humillimeque
367 2309 493 2398 offero,
528 2310 757 2407 problemata
790 2307 958 2406 quaedam
993 2330 1075 2380 mea
1110 2307 1210 2381 oiroa

57 2454 214 2531 Naturae
241 2457 499 2547 Phaenomena,
526 2482 601 2532 non
625 2458 736 2533 modo
764 2457 827 2531 illa
852 2480 935 2553 quae
963 2457 1010 2529 ab
1038 2455 1209 2529 omnibus

55 2606 246 2680 observari
263 2607 393 2697 solent,
411 2607 476 2681 sed
494 2608 605 2682 etiam
633 2608 696 2681 illa
718 2609 791 2682 alie
814 2632 897 2704 quae
923 2607 970 2681 ab
997 2607 1209 2681 hominibus

56 2756 257 2853 ingeniosis
286 2779 355 2853 per
380 2770 500 2831 artem
527 2769 565 2830 et
591 2757 780 2832 machinas
807 2758 1017 2854 nuperrime
1044 2756 1210 2831 exhibita

59 2919 168 2981 sunt:
195 2906 479 2982 meditationum
497 2933 662 2982 mearum
678 2910 914 3005 physicarum
930 2920 1074 3005 partem
1091 2908 1209 2983 maxi·

59 3083 157 3133 mam
172 3072 211 3132 et
227 3059 567 3155 probabilissimum.

110 3208 253 3306 Redegi
283 3220 406 3283 autem
432 3233 488 3299 ea,
513 3208 652 3283 ordinis
682 3231 804 3295 cansa,
829 3207 878 3280 ad
904 3207 1027 3302 capita
1054 3215 1206 3302 septem.

60 3380 88 3445 1,
107 3358 164 3432 De
179 3357 378 3432 Gravitate.
406 3379 453 3448 ιι,
471 3358 526 3432 De
539 3358 704 3432 AEstibus
721 3357 887 3431 Morinis.
916 3377 981 3445 ιιι,
1000 3355 1205 3431 DeVaouo.

60 3531 117 3599 ιν,
136 3508 194 3582 De
208 3509 352 3583 Calore.
403 3531 443 3599 ν,
461 3509 517 3583 De
534 3509 637 3583 Duro
655 3522 693 3583 et
715 3508 831 3583 Molli.
883 3531 941 3597 vl,
961 3508 1016 3582 De
1033 3508 1208 3604 Tempes-

60 3661 198 3734 tatibus
232 3661 351 3735 Aeris.
413 3662 574 3750 v11,De
608 3660 761 3736 diversis
796 3662 968 3736 Motuum
997 3660 1207 3757 generibus.

59 3813 205 3888 Quibus
222 3809 369 3907 adjecta
386 3825 442 3884 est
460 3812 671 3910 Duplioatio
686 3813 795 3886 Cubi.

107 3965 294 4060 Principia
319 3965 483 4060 physica,
502 3989 577 4038 nou
594 3978 638 4037 nt
655 3964 886 4039 definitiones
903 3975 942 4037 et
959 3963 1146 4036 axiomata
1168 3963 1208 4036 in

58 4119 329 4203 mathematica,
359 4118 564 4191 certissima
597 4130 694 4208 sunt,
729 4117 794 4192 sed
833 4128 978 4190 tantum
1006 4115 1207 4210 supposito„

57 4269 221 4343 Effectus
239 4267 337 4341 enim
356 4267 508 4341 Naturae
531 4266 629 4339 idem
654 4267 784 4364 quina
803 4267 883 4340 Deo
902 4267 1055 4339 Naturae
1079 4265 1208 4340 condi·

57 4432 136 4497 tore
152 4420 280 4497 multis
298 4418 417 4495 modis
433 4419 591 4493 conduci
609 4420 782 4516 potuerit,
800 4416 892 4492 nihil
906 4417 1089 4512 prohibet.
