2618 5092
281 662 613 718 usauaunauom
633 664 878 718 sonrnunm.
1040 648 1107 716 125

58 830 284 930 quantitates
311 855 380 907 eas
407 854 486 905 esse
515 854 670 929 quarum
693 854 876 905 mensurae
906 851 1109 926 congruere
1144 855 1287 898 onmem

1200 938 1245 979 111.

59 955 217 1042 possunt.
1146 1005 1287 1046 „d

101 1057 150 1131 A.
176 1056 263 1131 Sed
280 1080 456 1154 quaenam
479 1081 651 1131 mensura
668 1068 725 1131 est
749 1080 823 1153 qna
848 1066 1110 1153 computantur

61 1171 148 1244 inter
181 1194 226 1244 se
260 1169 349 1243 duae
391 1168 580 1243 rationes?
647 1169 718 1243 Per
752 1170 888 1242 lineam
930 1169 1109 1243 minorem

63 1284 234 1357 metimur
259 1283 468 1379 majorem3
498 1292 536 1356 et
564 1305 630 1378 per
659 1283 889 1379 superficiem
917 1282 1109 1370 minorem,

65 1397 238 1492 majorem
251 1394 509 1492 superficiem
533 1394 720 1485 nimimm,
734 1419 847 1468 unam
864 1395 972 1469 alteri
984 1419 1111 1492 super-

65 1507 247 1605 ponendo.
301 1505 379 1581 Sed
395 1530 444 1580 an
469 1507 705 1581 strationem
729 1509 907 1605 majorem
934 1532 1111 1605 superpo·

66 1620 185 1695 nendo
201 1619 392 1709 metimur,
409 1619 468 1691 vel
484 1619 580 1694 ratio
596 1620 732 1694 rationi
746 1621 945 1718 superponi
960 1625 1108 1718 potest?

111 1731 158 1804 B.
185 1733 358 1806 Minime.
403 1730 477 1805 Sed
492 1743 648 1827 possunt
664 1732 890 1828 quantitates
907 1734 1007 1831 ipsae,
1022 1759 1111 1831 qua·

68 1869 146 1921 rum
173 1846 272 1921 ratio
305 1844 497 1941 quaeritur,
526 1869 602 1918 nna
630 1869 741 1942 supra
774 1845 883 1919 aliam
915 1847 1032 1944 poui;
1072 1860 1111 1922 et

70 1960 224 2034 rationes
258 1959 352 2056 ipsae
378 1958 431 2031 sio
465 1959 693 2054 comparari3
732 1971 776 2032 ut
804 1960 893 2034 fecit
929 1961 1110 2051 Hobbius,

72 2071 152 2170 Cap.
169 2073 247 2147 xiii.
266 2073 349 2146 Art.
367 2079 405 2160 6,
422 2071 508 2144 libri
526 2093 580 2145 nn
601 2093 806 2160 consone,
827 2073 867 2145 in
890 2096 963 2168 quo
991 2075 1110 2171 capite

71 2184 295 2260 theoremeta
335 2184 517 2257 Elementi
550 2185 670 2282 quinti
704 2185 866 2259 Euclidis
900 2187 1034 2276 omnia,
1070 2201 1110 2261 et

72 2297 243 2372 nonnulla
258 2296 334 2370 alia
348 2319 424 2369 non
448 2296 570 2371 minus
587 2297 753 2394 pulchra,
779 2298 939 2371 breviter
965 2311 1002 2374 et
1027 2324 1110 2397 per·

74 2412 190 2508 spicue
208 2409 489 2484 demonstravit.
716 2415 719 2420 ’

116 2525 163 2598 A.
188 2522 232 2598 Si
261 2523 309 2596 ab
339 2521 410 2596 illis
439 2546 521 2618 quae
549 2522 602 2596 ibi
630 2522 731 2596 dieta
759 2534 846 2597 sunt
876 2547 980 2598 suam
1013 2524 1110 2597 hano

75 2637 250 2711 rationum
284 2636 620 2732 homogeneitatem
649 2636 843 2725 derivavit,
871 2649 971 2710 recte
997 2637 1108 2724 fecit3

76 2747 276 2824 idnescivit
295 2759 435 2821 tamen.
482 2747 676 2838 Praeterea,
695 2748 794 2843 qnod
811 2748 902 2823 dicit
918 2749 1053 2823 lineam
1070 2762 1109 2822 et

76 2862 208 2956 pondus
224 2862 476 2956 heterogenea
491 2883 581 2950 esse,
600 2884 728 2934 verum
745 2872 821 2945 est;
845 2873 967 2958 potest
982 2874 1108 2935 tamen

78 2996 144 3048 ease
162 2986 360 3048 uteorum
387 2972 609 3068 quantitates
636 2973 712 3046 siut
736 2973 995 3069 homogeneae;
1022 2999 1108 3048 nam

78 3096 111 3158 nt
124 3086 230 3160 lineae
248 3085 297 3159 ad
315 3084 451 3158 lineam
468 3085 562 3158 ratio
576 3085 615 3158 iu
629 3083 770 3158 duabus
784 3085 890 3159 lineis
903 3086 1107 3177 exhibetur,

79 3197 122 3271 sie
136 3199 248 3272 etiam
267 3197 421 3271 eornm*
439 3195 645 3293 ponderum
662 3198 757 3272 ratio
780 3197 820 3270 in
846 3198 987 3272 duabus
1003 3200 1109 3274 lineis

78 3311 228 3386 exhiberi
245 3320 384 3408 potest.
437 3309 489 3383 Ut
506 3310 605 3383 enim
629 3310 744 3384 cubus
772 3309 820 3383 ad
847 3312 981 3385 cubum
1013 3314 1110 3410 ejus-

78 3423 149 3499 dem
172 3423 340 3498 materiae
363 3421 527 3518 duplum,
554 3421 605 3496 ita
632 3436 689 3497 est
719 3423 864 3520 pondus
890 3425 938 3498 ad
965 3426 1110 3522 pondus

79 3535 217 3635 duplum
231 3568 242 3622 ;
270 3547 308 3609 et
325 3545 369 3608 nt
385 3535 566 3609 utrumvis
583 3535 632 3609 ad
648 3559 755 3609 suum
768 3536 932 3634 duplum,
947 3538 1000 3612 ita
1012 3540 1110 3614 linea

77 3650 116 3723 ad
129 3651 267 3727 lineam
282 3648 444 3744 duplam.
480 3648 561 3723 Erit
578 3673 666 3745 ergo
680 3661 722 3722 ut
739 3651 925 3746 quantitas
937 3653 1110 3748 ponderis

77 3764 116 3836 ad
127 3761 398 3862 longitudinem
415 3760 524 3834 lineae
540 3785 623 3857 quae
643 3761 765 3858 ipsum
782 3777 1030 3859 repraesentat,
1057 3768 1111 3841 ita

77 3878 255 3973 quantitas
287 3873 463 3971 ponderis
497 3873 599 3971 dupli
630 3874 680 3948 ad
706 3876 974 3974 longitudinem
1004 3881 1110 3954 lineae

77 3989 187 4088 duplae
203 3991 326 4087 ipsum
338 3989 648 4084 repraesentantis
688 3989 761 4062 Sed
778 3981 1006 4088 pergo-Si
1019 4018 1110 4065 com-

72 4114 236 4198 paretur,
253 4101 387 4199 inquit,
405 4102 534 4199 quoad
551 4101 732 4175 rationem
751 4104 1057 4203 quadrr'pondium
1073 4116 1110 4178 et

78 4212 289 4314 bipmadium,
302 4215 404 4288 ratio
420 4225 477 4288 eat
493 4214 637 4313 dupla;
661 4215 697 4287 si
709 4213 807 4289 linea
819 4217 1110 4316 quadrupedalia

79 4328 124 4401 od
141 4327 334 4428 pedalem,
359 4327 460 4400 ratio
483 4337 541 4401 est
568 4327 780 4426 quadruplo
790 4356 806 4413 ;
832 4356 916 4428 quoe
943 4331 1109 4402 rationes

79 4439 123 4514 ad
143 4442 295 4516 invicem
315 4441 530 4539 comparari
548 4451 720 4540 possunt,
742 4466 883 4542 nempe,
904 4442 983 4515 haeo
1006 4441 1109 4516 illius

185 4630 203 4669 ’
227 4628 277 4691 sio
290 4628 371 4689 Edit.
388 4631 474 4689 1668.
517 4625 622 4702 Quaere
637 4629 789 4688 “duorum
801 4628 989 4706 ponderum.’'
