2618 5092
406 626 742 682 ononnranann.
1023 612 1097 678 463

93 796 287 887 Secundo,
300 796 445 870 tabulas
462 796 622 885 sinuum,
641 793 884 890 tangentium,
909 804 947 866 et
970 816 1098 866 secan·
1125 820 1193 861 cna
1206 819 1295 860 xxm.

47 915 137 988 tium
153 910 309 1009 egregie
326 910 437 983 falsas
454 933 558 994 esse;
584 921 782 1006 propterea
808 906 907 1004 quod
937 907 1099 979 calculus
1113 888 1285 1005 mm

48 1051 176 1102 eorum
213 1023 403 1120 dependet
431 1047 454 1096 a
487 1023 643 1096 veritate
678 1024 810 1095 horum
851 1021 1008 1094 duorum
1043 1043 1100 1092 as·
1113 1011 1302 1121 {ffigfflffl

48 1152 310 1238 sumptorum:
344 1146 376 1211 l.
406 1136 528 1210 Radix
553 1135 698 1209 numeri
729 1136 995 1232 quadratorum
1025 1157 1101 1204 non
1114 1150 1154 1186 uc·

48 1265 102 1328 est
125 1273 310 1327 numerus
331 1249 607 1347 quadratorum,
634 1248 700 1322 sed
724 1249 917 1322 linearum.
970 1256 1006 1320 2.
1025 1246 1101 1317 Nu·

49 1391 193 1441 merum
212 1365 397 1456 linearum
423 1386 491 1460 per
516 1386 711 1436 numerum
730 1362 752 1451 (
753 1360 982 1457 simpliciter)
1012 1359 1103 1432 mul·

49 1480 271 1577 tiplieatum,
300 1476 424 1549 facere
454 1498 650 1548 numerum
680 1474 957 1571 quadratorum.
1010 1472 1103 1545 Cum

51 1594 147 1667 enim
160 1590 386 1689 quadratum
404 1613 428 1662 a
443 1602 547 1661 recta
562 1588 768 1684 composita
784 1611 830 1660 ex
848 1587 1004 1661 radicet
1021 1599 1104 1658 tan-

51 1718 160 1803 gente
191 1710 241 1778 30
264 1701 450 1798 graduum
475 1700 617 1796 aequale
642 1701 691 1773 sit
715 1699 844 1773 decem
871 1699 1059 1797 quadratis
1083 1724 1106 1770 a

52 1816 269 1894 semiradio:
296 1815 327 1889 si
344 1826 506 1911 ponatur
525 1813 744 1887 semiradius
762 1822 874 1903 5000,
894 1824 1004 1887 erunt
1030 1826 1107 1885 tres

52 1934 241 2014 semiradii
277 1941 397 2008 15000
426 1956 496 2029 pro
530 1931 613 2005 BN.
666 1931 899 2007 Quadratum
929 1942 1053 2004 autem
1083 1955 1107 2002 a

53 2048 251 2126 semiradio
290 2058 349 2120 est
389 2053 606 2133 25000000,
646 2058 685 2118 et
723 2044 945 2143 quadratum
980 2068 1002 2116 a
1037 2045 1105 2116 BN

54 2169 300 2240 225000000:
319 2183 403 2257 quae
420 2159 495 2233 duo
513 2158 697 2255 quadrata
722 2158 831 2232 simul
857 2169 1003 2253 sumpta
1020 2172 1107 2230 sunt

55 2281 296 2363 350000000,
315 2272 374 2345 eui
399 2272 542 2367 aeqnale
559 2284 617 2345 est
634 2271 857 2368 quadratum
875 2295 898 2344 a
915 2272 989 2344 ΒΜ
1008 2296 1108 2343 com-

55 2390 178 2488 posita
198 2410 247 2461 ex
269 2386 374 2460 radio
401 2398 440 2459 et
464 2395 643 2480 tangente
670 2396 719 2461 30
741 2385 936 2482 graduum.
989 2385 1109 2458 Radix

56 2515 180 2578 autem
223 2499 369 2573 numeri
408 2506 635 2574 250000000
671 2509 728 2572 est
766 2506 1109 2596 15811-quarum

56 2615 221 2713 partium
246 2611 373 2686 radius
400 2618 612 2687 est10000.
664 2612 902 2708 Relinquitur
928 2636 1018 2710 ergo
1042 2636 1110 2707 pro

57 2737 239 2825 tangente
258 2733 306 2799 30
323 2723 505 2820 graduum
524 2731 590 2796 581
605 2724 854 2819 l—proxime.
889 2725 957 2799 Est
974 2737 1109 2814 autem,

58 2842 96 2916 iu
113 2839 256 2915 tabulis
272 2838 518 2933 tangentium,
540 2859 609 2931 pro
631 2837 709 2933 ejus
736 2838 947 2932 quantitate
971 2839 1111 2935 positus

58 2976 236 3032 numerus
248 2956 296 3035 57
299 2959 409 3040 73-,
423 2951 486 3047 qui
503 2960 559 3025 est
573 2973 678 3023 error
691 2951 870 3024 momenti
883 2952 973 3024 satis
987 2951 1112 3045 magni

59 3070 97 3143 in
114 3065 270 3142 calculis
287 3065 555 3152 astronomiam,
570 3075 610 3138 et
626 3066 666 3138 in
684 3064 825 3139 calculo
843 3067 1112 3162 triangulorum

61 3205 134 3278 quo
151 3190 313 3253 utuntur
328 3178 609 3275 agrimensores.
663 3178 798 3251 Iisdem
824 3179 1014 3275 principiis
1030 3203 1113 3275 quae

61 3292 208 3369 ostendi
240 3314 352 3387 supra
381 3314 461 3366 esse
493 3290 599 3378 falsa,
630 3292 833 3365 attribuere
862 3303 982 3388 poter,
1012 3292 1113 3388 quod

61 3406 251 3505 quantitas
267 3404 408 3494 circuli,
426 3427 449 3476 a
465 3404 609 3501 magnis
626 3404 783 3500 ingeniis
801 3406 901 3478 omni
917 3428 995 3480 aevo
1013 3431 1113 3503 quae-

62 3520 188 3610 situm,
219 3516 379 3590 inveniri
406 3528 532 3590 tamen
562 3541 637 3590 non
664 3518 837 3613 potuerit.
892 3518 985 3592 Quis
1016 3520 1113 3592 enim

62 3631 322 3732 praejudicium
338 3629 572 3703 Archimedis
590 3652 665 3702 non
679 3631 889 3704 vereretur?
924 3633 1005 3705 Etsi
1021 3633 1115 3706 liber

64 3749 143 3845 ejus
160 3744 210 3819 de
226 3742 469 3818 Dimensione
489 3742 636 3817 Circuli
661 3766 735 3817 non
765 3744 855 3817 mihi
872 3745 1042 3819 videatur
1067 3746 1114 3819 ab

65 3861 146 3958 ipso
174 3855 320 3936 editusa
349 3856 515 3930 continet
542 3857 641 3930 enim
669 3870 746 3930 tres
773 3869 920 3932 tantum
946 3861 1114 3956 proposi-

65 3974 198 4062 tiones,
217 3993 288 4044 nec
311 3993 373 4043 eas
395 3969 526 4044 ordine
543 3996 616 4067 quo
634 3973 801 4067 oportuit
819 3973 1027 4069 dispositas
1045 3997 1114 4045 nec

66 4086 164 4160 sicut
188 4082 252 4157 alii
279 4084 358 4178 ejus
381 4080 467 4156 libri
489 4082 537 4155 ad
555 4107 763 4180 quenquam
780 4086 844 4179 qui
860 4108 924 4157 eos
948 4084 1114 4156 conside-

68 4197 328 4282 raretmissus,
346 4194 412 4267 sed
435 4205 478 4268 ut
505 4196 565 4268 cui
585 4197 748 4269 nondum
777 4221 927 4269 manum
947 4197 1116 4269 ultimam

69 4309 286 4409 imposuerit
312 4307 412 4404 apud
441 4320 686 4398 sereremus,
715 4310 761 4382 ab
792 4310 872 4382 aliis
902 4310 1115 4406 geometria·

70 4426 191 4499 minus
208 4421 338 4520 peritis
355 4431 440 4517 post
456 4432 613 4496 mortem
635 4424 715 4519 ejus
732 4423 866 4496 editus.

120 4536 303 4612 Doctrina
319 4547 457 4626 autem,
472 4547 511 4610 et
523 4535 605 4632 ipsa
621 4536 771 4610 nomina
788 4536 947 4624 sinuum,
961 4547 1116 4633 tangen-
