2618 5092
243 647 317 714 308
518 656 800 711 euroaustrum
817 656 1016 711 rursusi.

77 857 147 899 cur.
161 856 182 897 1.
244 827 395 901 cadenti
429 825 542 923 lapidi
576 850 674 900 nova
702 826 887 923 contingit
918 824 1127 923 impressio,
1155 848 1269 899 norum

49 924 207 1043 Dm·
244 941 357 1014 etiam
371 941 507 1036 ubique
523 940 669 1014 accidet
683 939 954 1014 incrementum
969 938 1189 1014 velocitatis.

297 1054 345 1126 A.
373 1054 432 1125 lta
448 1066 550 1126 certe
566 1052 724 1127 videtur.
775 1052 874 1126 Nam
901 1052 1126 1127 acceleratio
1152 1064 1271 1149 tempo·

246 1168 348 1241 ribus
365 1166 566 1262 aequalibus
583 1189 728 1262 semper
744 1178 802 1239 est
823 1164 1001 1261 aequalis:
1028 1164 1085 1239 ita
1110 1176 1155 1238 ut
1175 1163 1272 1262 spatis

247 1303 433 1378 percursa,
456 1280 487 1351 si
513 1278 693 1375 incipiant
715 1302 739 1351 a
765 1278 902 1374 quiete,
933 1278 1011 1352 sint
1037 1278 1079 1352 in
1108 1276 1272 1375 duplicata

247 1394 392 1467 ratione
410 1405 615 1488 temporum
632 1392 843 1487 ubieunque
860 1404 1021 1489 sumpta,
1039 1404 1084 1465 ut
1106 1404 1273 1466 ostensum

248 1520 305 1580 est
319 1531 340 1579 a
354 1505 506 1579 Galileo.
544 1505 662 1579 Video
679 1518 805 1578 autem
817 1504 905 1578 hino
922 1505 1161 1601 phaenomeni
1176 1504 1273 1599 cujus

250 1621 335 1693 dam
370 1617 602 1709 solutionem,
638 1642 748 1714 quam
783 1629 869 1691 ante
902 1617 1031 1692 videre
1065 1642 1144 1692 non
1177 1616 1273 1715 potui.

251 1733 331 1807 Scis
346 1732 419 1805 duo
437 1731 597 1828 pendula
612 1730 844 1829 longitudine
860 1730 1030 1827 aequalia,
1047 1732 1080 1805 si
1102 1756 1128 1805 a
1142 1754 1274 1829 perpen-

251 1846 374 1920 diculo
408 1869 475 1941 per
508 1845 662 1941 angulos
696 1844 855 1940 aequales
885 1845 995 1919 simul
1024 1856 1274 1929 removeantur,

250 1960 383 2033 itiones
402 1970 441 2031 et
460 1958 660 2032 reditiones
680 1957 789 2032 simul
811 1957 945 2032 facere.
996 1958 1048 2033 Et
1075 1979 1274 2056 quamquam

251 2096 360 2146 arcus
378 2095 472 2167 quos
495 2084 599 2145 motu
621 2096 689 2146 suo
712 2070 937 2160 describunt,
955 2073 1140 2148 continuo
1156 2072 1275 2146 deorse

253 2198 352 2274 cant,
389 2199 535 2282 tempus
571 2197 697 2259 temen
735 2186 773 2259 in
787 2176 878 2280 ¹quo
906 2187 1068 2282 majores
1098 2184 1274 2260 arumde

254 2299 478 2387 scribuntur,
504 2299 663 2395 tempori
692 2299 731 2373 in
758 2323 831 2395 quo
855 2298 1121 2373 describuntur
1142 2299 1275 2373 minoret

254 2423 311 2484 est
327 2412 479 2508 aequale.

305 2525 353 2597 B.
383 2526 442 2597 lta
459 2536 527 2597 est.
578 2525 746 2597 Vidistiu’
764 2548 928 2620 unquam
950 2527 1233 2621 experimentum
1248 2522 1276 2594 in

254 2663 327 2735 quo
346 2636 436 2709 illud
454 2660 580 2709 verum
598 2662 674 2710 nou
692 2638 800 2711 erat?

305 2749 351 2822 A.
378 2750 511 2822 Etiam.
565 2751 661 2823 Nam
678 2751 709 2823 si
731 2750 976 2847 pendulorum
1002 2751 1162 2826 alterum
1178 2772 1278 2848 aper·

255 2861 451 2959 pendiculo
470 2861 669 2948 dimoveas,
694 2861 851 2958 exempli
877 2886 1000 2952 causa,
1031 2888 1100 2960 per
1128 2864 1279 2960 angulum

256 2984 304 3051 80
322 2975 517 3072 graduum,
548 2975 706 3048 alterum
729 2999 796 3072 per
825 2976 1001 3071 angulum
1022 2984 1073 3051 60
1098 2978 1277 3074 graduum:

256 3105 346 3162 tunc
364 3089 497 3162 itiones
516 3101 553 3162 et
570 3089 768 3162 reditiones
786 3114 861 3162 non
878 3090 986 3161 simul
1004 3091 1111 3165 fient.

305 3204 354 3275 B.
383 3203 456 3276 Sed
480 3203 607 3275 inferri
631 3202 719 3274 hino
747 3227 822 3276 nou
851 3215 984 3299 potest,
1011 3204 1114 3300 quod
1139 3218 1282 3301 tempora

256 3314 451 3411 iuaequulia
469 3327 577 3387 erunt
595 3314 742 3409 quando
760 3316 885 3411 anguli
904 3327 990 3388 suut
1008 3318 1180 3412 aequales.

308 3429 355 3500 Α.
384 3427 457 3500 Sed
500 3428 647 3523 quando
682 3428 808 3523 anguli
842 3440 929 3501 suut
958 3428 1172 3526 inaequales,
1204 3425 1284 3503 uude

255 3541 394 3613 accidit
412 3540 641 3636 inaequalitas
658 3540 895 3636 temporum?

306 3653 354 3724 B.
382 3654 440 3724 Ab
459 3654 539 3750 ipsa
556 3655 804 3751 inaequalitate
822 3654 1054 3750 angulorum.
1083 3656 1179 3729 Nam
1197 3674 1285 3729 arcus

257 3789 349 3861 quos
378 3765 530 3853 faciunt,
563 3782 650 3839 sunt
680 3767 799 3863 spatia
828 3792 910 3863 quae
944 3783 1232 3863 percurruntur:
1255 3766 1286 3837 iu

257 3880 390 3975 quibus
424 3879 625 3975 pendulum
660 3881 759 3977 quod
789 3906 811 3953 a
842 3883 982 3977 majore
1016 3882 1213 3956 altitudine
1237 3878 1288 3953 de·

257 3993 410 4080 sceudit,
430 3993 591 4066 velocius
612 4007 782 4066 mouetur
800 4019 910 4090 quarn
930 3995 1069 4090 quoda
1086 3997 1234 4070 minore.

307 4108 355 4179 Α.
384 4105 479 4180 Quae
498 4106 674 4178 hactenus
692 4106 829 4193 dixisti,
848 4107 954 4179 facile
972 4108 1098 4197 eredo,
1117 4110 1164 4182 ab
1189 4106 1290 4183 omui·

254 4221 323 4293 bus
349 4220 598 4315 recipientur:
625 4221 695 4292 uisi
721 4221 820 4317 quod
848 4220 990 4294 telluris
1021 4245 1108 4295 eum
1134 4224 1235 4321 pelve
1259 4229 1290 4293 et

255 4335 377 4406 cribro
408 4334 635 4429 comparatio
663 4334 752 4431 ipsa,
780 4334 983 4430 phantasiae
1007 4339 1134 4431 potius
1165 4334 1291 4410 soboles

255 4470 365 4542 quam
384 4447 536 4519 rationis
556 4471 635 4519 esse
655 4448 770 4519 videri
794 4449 921 4543 possit.
974 4448 1113 4523 Nonne
1139 4452 1227 4525 satis
1246 4459 1292 4521 est

255 4558 356 4654 quod
384 4560 517 4646 telluri,
537 4584 647 4655 quam
666 4561 854 4655 quiescere
874 4562 1137 4639 existimabant
1153 4578 1291 4647 ueteres,

255 4672 423 4747 dedimus
446 4673 665 4769 jampridem
691 4687 833 4746 motum
858 4698 968 4770 super
998 4689 1172 4751 centrum
1199 4697 1292 4752 suum
