2618 5092
51 871 121 915 ΟΔΡ.
137 872 179 914 Π.

47 941 190 976 »ηρ-ν

55 997 174 1045 uenture

54 1062 144 1112 «lau.

231 662 305 731 330
506 675 1006 733 unonunuananuusrca

231 843 453 942 acceperint,
471 859 632 942 quantus
649 846 697 921 ad
719 847 1032 923 commovendum
1046 844 1196 923 videndi
1213 872 1259 923 or·

230 982 370 1057 ganum
387 959 611 1055 postulatur.

281 1070 328 1145 A.
356 1071 430 1145 Sed
456 1096 613 1169 corpora
641 1082 729 1147 sunt
752 1070 940 1171 permulta
965 1096 1130 1171 quornm
1156 1086 1262 1173 partes

231 1184 421 1261 caleam
437 1185 546 1259 facile
561 1184 724 1276 avolant,
739 1208 824 1283 quae
850 1196 979 1261 nmen
1000 1184 1263 1263 inflammantur

231 1311 271 1373 et
286 1299 437 1373 lucent:
463 1309 507 1374 ut
519 1299 641 1374 oleum
657 1312 698 1373 et
712 1298 852 1373 vinnm.

279 1412 332 1486 B.
359 1411 471 1488 Quod
487 1411 536 1486 ad
549 1411 672 1485 oleum
687 1410 834 1500 attinet,
850 1434 927 1486 uon
943 1410 1197 1487 inflammatur
1209 1436 1263 1511 per

231 1549 272 1599 sc
288 1524 408 1599 solum
419 1525 498 1599 sine
511 1524 585 1600 alia
596 1524 1026 1615 materiacombnstibili,
1045 1526 1263 1624 quantumvis

232 1637 463 1713 calefactum.
513 1638 603 1714 Non
620 1651 709 1712 sunt
724 1661 814 1735 ergo
836 1650 963 1735 partes
979 1639 1067 1729 olei,
1085 1640 1153 1715 sed
1167 1652 1263 1715 mate·

230 1752 297 1827 riae
314 1751 396 1825 oleo
412 1763 537 1826 uncta
552 1774 636 1849 quae
648 1749 836 1826 evolantes
851 1750 992 1826 lucent.
1043 1752 1143 1828 Sunt
1157 1764 1263 1827 auten

230 1863 271 1938 in
286 1864 373 1939 vino
389 1865 592 1962 particulae,
610 1888 694 1961 quae
709 1864 850 1939 habent
863 1874 1010 1938 motum
1036 1864 1145 1941 iilum
1170 1890 1264 1963 qun

231 1979 271 2053 in
293 1992 393 2054 terra
421 1978 597 2077 supposui
616 1977 707 2052 satis
728 1977 917 2063 velocem3
943 2000 1030 2075 qnae
1058 2002 1086 2053 a
1106 1990 1265 2055 contactu

230 2093 389 2167 flammae
406 2104 568 2166 extcmoe
583 2090 691 2165 facile
707 2090 845 2165 lucent

280 2206 330 2280 Α.
358 2206 467 2281 Unde
485 2204 572 2279 sciri
586 2216 713 2302 potest
728 2202 843 2277 talem
857 2214 1004 2277 motum
1019 2202 1143 2279 inesse
1164 2202 1265 2302 purti-

232 2319 324 2393 culis
340 2319 443 2393 vini?

283 2432 332 2505 B.
360 2433 608 2529 Nunquamne
625 2441 771 2505 tautum
787 2430 911 2503 bibisti
932 2428 1023 2520 vini,
1041 2443 1086 2505 ut
1108 2432 1264 2516 lucerua,

231 2569 381 2633 mensae,
395 2545 580 2633 fenestrae,
592 2543 717 2617 omnia
726 2543 950 2617 commoveri
961 2544 1032 2618 tibi
1046 2542 1264 2619 viderentur?

282 2660 331 2733 A.
359 2658 581 2755 Aliquando,
598 2681 675 2730 non
692 2681 801 2753 saepe.
854 2657 1012 2730 Memini
1028 2670 1157 2733 autem
1174 2660 1266 2732 ireet

230 2771 352 2845 redire
363 2771 488 2845 omnia
497 2783 604 2844 motu
611 2770 865 2868 reciprocante
876 2770 1023 2866 qualem
1038 2771 1265 2871 descripsisti.

232 2884 457 2959 Quintum?

279 2998 330 3071 B.
357 2997 462 3071 Nihil
479 2996 591 3086 aliud,
609 3008 857 3094 praeterquam
874 2995 974 3092 quod
991 2998 1074 3094 ejus
1097 2999 1153 3072 rei
1169 3021 1267 3072 eausa

229 3124 310 3185 erat
322 3112 460 3186 vinum.
497 3111 610 3208 Cujus
627 3110 818 3206 particnlae
836 3109 1023 3184 habebant
1033 3126 1159 3186 motus
1168 3112 1266 3198 illins,

228 3250 339 3322 quem
357 3226 542 3322 supposui,
555 3247 732 3320 magnum
748 3222 926 3319 gradum:
953 3247 1065 3319 quem
1084 3226 1188 3299 auxit
1202 3224 1267 3298 for-

228 3353 327 3413 tasse
350 3340 531 3426 nonnihil,
553 3349 749 3435 postquam
769 3337 807 3409 in
834 3336 1082 3411 ventriculum
1108 3350 1148 3413 et
1167 3361 1268 3412 venas

228 3465 387 3550 receptae
421 3465 538 3542 erant,
573 3452 737 3548 corporis
767 3451 920 3524 hnmani
961 3451 1134 3527 internus
1167 3452 1268 3527 calor.

228 3567 350 3662 Atque
365 3592 409 3641 eo
423 3582 527 3641 motu
540 3589 727 3641 concussae
739 3589 843 3639 vcnae
857 3578 895 3638 et
911 3565 1082 3661 (propter
1094 3565 1269 3641 continui-

228 3690 343 3753 tatem
362 3680 542 3776 corporis)
568 3680 771 3767 cerebrum,
788 3677 974 3751 faciebant
996 3691 1041 3752 ut
1065 3694 1191 3754 motus
1215 3679 1269 3752 ille

230 3793 293 3889 qui
310 3805 391 3866 erat
408 3793 446 3865 in
463 3794 614 3866 cerebro
632 3804 669 3866 ct
691 3792 814 3865 nervis
838 3791 971 3889 opticis
995 3804 1034 3866 et
1061 3794 1205 3887 reliquo
1224 3791 1270 3863 ri·

230 3905 341 3979 dendi
372 3930 525 4002 organo,
552 3907 742 3980 videretur
772 3904 840 3978 tibi
870 3927 951 3977 esse
982 3905 1022 3978 in
1050 3906 1215 3982 fenestra
1236 3916 1270 3978 et

229 4018 372 4091 caeteris
389 4019 556 4115 objectis.

279 4133 329 4207 A.
357 4133 458 4208 Quid
475 4146 533 4207 est
554 4133 726 4207 flamma?
779 4130 910 4205 Putavi
935 4132 1037 4205 enim
1060 4133 1176 4223 iliam,
1195 4155 1269 4230 qnae

228 4247 274 4320 ab
293 4247 427 4344 exiguo
445 4247 632 4322 straminis
646 4246 735 4319 dum
752 4246 981 4320 comburitur
998 4247 1191 4345 manipulo
1202 4247 1270 4321 exit

228 4362 389 4452 flamma,
400 4361 540 4436 centies
557 4361 734 4457 majorem
748 4383 952 4455 essequam
969 4371 1052 4434 erat
1071 4362 1153 4460 ipse
1162 4359 1268 4437 maui-

228 4476 347 4572 polus
