2618 5092
393 643 647 698 nummario
669 642 782 696 cunr.
1035 625 1106 703 507

59 813 238 911 angulum
255 824 399 887 rectum
416 814 456 886 in
473 813 659 909 triangulo
677 815 782 909 eujus
799 823 995 909 utrumque
1011 810 1108 885 latus
1142 834 1225 874 aror-
1238 835 1258 873 x

59 928 158 1002 eirca
187 927 367 1024 angulum
395 937 537 999 rectum
555 926 694 1024 aequale
723 938 779 999 est
802 926 910 1001 lateri
934 925 1020 998 cubi
1038 927 1107 998 Ga.
1148 904 1258 939 Ὗ

58 1042 157 1114 Nam
175 1040 353 1114 subtensa
369 1040 432 1113 illa
449 1039 603 1136 duplum
615 1051 740 1136 potest
757 1051 869 1112 reotae
886 1039 955 1113 Ga.
983 1039 1108 1114 Quare

57 1154 229 1252 potentia
255 1151 427 1226 diametri
448 1153 505 1226 Oo
521 1153 699 1249 potentine
720 1152 817 1225 illius
841 1152 1026 1225 subtensae
1053 1163 1109 1224 est

57 1267 315 1363 sesquialtera.
368 1267 498 1362 ltaque
524 1266 701 1339 subtensa
720 1265 783 1338 illa
801 1279 857 1338 est
882 1265 979 1338 latus
995 1276 1110 1339 tetra-

59 1380 168 1455 hedri
180 1380 221 1452 in
235 1379 364 1453 eadem
376 1379 522 1476 sphaera
532 1379 700 1475 inseripti
709 1380 790 1475 (per
798 1379 902 1452 Eucl.
916 1379 992 1453 xiii.
1012 1382 1083 1471 13).

111 1495 318 1581 Postremo,
354 1492 458 1566 latus
486 1491 678 1566 oetahedri
712 1492 833 1566 eidem
866 1492 1021 1589 sphaerae
1055 1494 1110 1565 in-

60 1608 206 1703 seripti,
225 1619 281 1679 est
298 1605 359 1696 At,
385 1607 462 1680 sive
489 1606 629 1680 chorda
652 1606 867 1704 quadrantis
894 1608 1045 1680 maximi
1073 1608 1112 1680 iu

59 1720 192 1794 eadem
215 1720 361 1816 sphoera
388 1720 528 1810 circuli,
553 1721 659 1816 eujus
675 1719 897 1817 quadratum
921 1733 977 1794 est
1003 1721 1113 1793 dimi-

59 1833 163 1906 dium
181 1832 352 1930 quadrati
369 1834 417 1906 ab
435 1831 513 1907 Oo:
539 1833 696 1930 ideoque
720 1832 818 1906 latus
838 1845 895 1906 est
920 1833 1112 1906 oetahedri

61 1949 99 2022 in
112 1947 247 2021 endem
265 1945 410 2042 sphaera
426 1946 594 2044 inseripti
615 1952 696 2042 (per
712 1947 817 2020 Eucl.
835 1947 914 2021 xiii.
938 1948 1012 2042 14).

496 2225 692 2236 -ὰ-

67 2478 245 2552 Conona
262 2474 426 2549 libellum
443 2476 543 2549 hune
556 2475 696 2573 prodiit
713 2499 832 2573 nuper
847 2475 1061 2572 geometriae
1076 2477 1114 2550 in

66 2589 271 2664 Academia
287 2589 487 2663 Oxoniensi
500 2590 717 2686 professoris
740 2588 889 2687 publici,
907 2590 1004 2686 typis
1023 2591 1116 2662 Aea-

67 2703 233 2791 demieis,
267 2701 475 2776 Academiae
511 2703 549 2776 in
583 2704 701 2800 prima
731 2703 866 2799 pagina
895 2703 1115 2800 impressum

66 2819 209 2891 habeus
235 2815 407 2912 sigillum,
434 2816 660 2891 confutatio:
696 2817 883 2906 nimirum,
911 2829 955 2890 ut
982 2818 1115 2889 sciram

67 2934 256 3005 certamen
286 2929 376 3002 mihi
399 2929 478 3003 fore
506 2943 639 3004 contra
661 2930 903 3026 geometriam
921 2929 1116 3003 Academi-

67 3069 163 3119 cam.
216 3042 323 3122 Scio:
349 3054 460 3139 atque
488 3045 600 3117 etiam
623 3057 753 3116 contra
775 3055 983 3139 geometras
1010 3043 1116 3116 hodi-

67 3180 179 3233 ernos
196 3156 273 3230 fere
297 3157 499 3243 universos.
522 3207 524 3210 ι
549 3157 668 3231 Video
695 3156 988 3230 adversariorum
1012 3182 1117 3254 mag-

67 3296 160 3345 num
186 3271 400 3344 exercitum.
452 3271 492 3345 Si
521 3295 598 3345 non
628 3271 844 3356 rationibus,
863 3270 927 3344 sed
957 3270 1117 3345 fustibus

66 3384 343 3459 decernendum
361 3395 469 3470 esset,
487 3397 702 3459 metuerem.
755 3384 866 3458 Nunc
884 3408 960 3458 non
977 3401 1114 3458 metuo.
1195 3459 1197 3462 ,

68 3499 156 3573 Hoc
178 3496 289 3571 volui.
341 3497 505 3594 Dignum
534 3498 671 3571 habere
696 3497 958 3587 adversarium,
984 3499 1015 3572 si
1041 3524 1117 3573 non

67 3615 219 3701 virtute,
237 3612 368 3684 saltem
394 3635 549 3685 numero
569 3611 681 3686 volui.
732 3611 843 3685 Volui
872 3613 984 3686 etiam
1003 3614 1118 3687 arith·

68 3725 242 3799 meticam
264 3724 373 3797 istam
403 3724 609 3821 speciosam
628 3747 845 3820 provocare,
861 3737 904 3799 ut
921 3750 1005 3799 enm
1024 3750 1117 3822 prae-

69 3839 200 3936 stigias
227 3859 319 3932 quas
349 3835 387 3909 in
415 3836 618 3931 geometria
639 3837 762 3910 facere
787 3838 896 3912 solita
922 3851 991 3928 est,
1010 3838 1118 3912 simul

66 3975 200 4033 omnes
227 3949 372 4046 publice
399 3962 631 4036 ostentasset,
657 3962 779 4023 totum
803 3951 895 4024 illud
919 3952 1117 4024 artificium

69 4067 259 4141 detectum
276 4088 299 4135 a
315 4062 518 4158 geometria
535 4062 573 4135 in
590 4076 810 4160 perpetuum
828 4063 1049 4159 ablegarem.

355 4309 412 4363 AD
432 4311 776 4363 PROPOSITIONEM
796 4310 825 4362 1.

120 4439 328 4513 Confitetur
350 4437 537 4536 professor
560 4437 828 4521 Academicus;
856 4437 888 4510 si
912 4436 1118 4527 PQL‚CYP

69 4566 157 4627 sunt
174 4552 340 4648 aequalia,
360 4565 481 4627 totum
499 4552 724 4649 triangulum
742 4550 853 4626 Ate
880 4552 1019 4648 aequale
1037 4577 1117 4626 esse
