2618 5092
493 105 900 183 EXAMINATIO

548 456 843 532 nMnnnnrm

267 652 713 753 MATHEMATICAE
767 656 1117 755 HODIERNAE.

230 1125 272 1199 Β.
298 1127 435 1202 Saeva
454 1150 504 1201 rss
523 1128 572 1203 A.

227 1240 271 1313 A.
297 1242 347 1314 Et
363 1254 405 1316 tu
423 1243 473 1314 mi
491 1241 540 1315 B.
592 1241 693 1317 Quid
710 1241 833 1316 adfers
850 1240 964 1314 novi?

41 1370 102 1400 ηψπ
227 1353 270 1427 Β.
297 1355 445 1428 Novum
463 1354 610 1429 librum.

60 1536 72 1571 Ι,
224 1464 267 1539 Α.
293 1466 350 1541 De
367 1491 441 1564 qua
457 1465 524 1539 re?

226 1580 270 1652 B.
297 1579 575 1653 Mathematica.

224 1689 267 1765 A.
293 1691 499 1788 [agnano

223 1806 270 1879 n.
296 1806 398 1902 Legi.

46 1927 71 1962 ¹⁸·
223 1919 270 1992 Α.
297 1920 529 1993 Accuratene
546 1918 753 2016 seriptum?

221 2031 269 2106 B.
296 2032 605 2117 Accuratissime3
638 2044 817 2129 qnantum
842 2032 972 2105 saltem
989 2055 1058 2127 ego
1073 2031 1212 2126 judico.

55 2176 60 2184 ·
220 2145 268 2219 A.
294 2145 453 2219 Videam
485 2144 862 2241 quaeso-Jotonnis
890 2143 1054 2216 Walliaii
1088 2145 1213 2217 oratio

41 2289 59 2324 r.
182 2253 660 2357 {angardim-Mathonis
680 2255 923 2346 Univeraolis,
940 2255 1017 2328 aioe
1037 2255 1213 2329 arithme-

181 2369 279 2445 ticum
309 2396 404 2470 opus
438 2371 635 2469 integram,
659 2380 698 2444 et
731 2370 913 2443 adversus
943 2369 1131 2442 Meibomii
1165 2369 1213 2443 de

183 2480 484 2584 proportionibus
497 2481 688 2581 dialogum
706 2492 896 2556 tractatur
909 2482 1212 2556 Blaminae.—

180 2595 271 2672 Quid
280 2596 373 2672 illud
383 2597 454 2671 sibi
463 2596 554 2686 vult,
566 2597 754 2670 Mathonis
765 2594 996 2669 Universalia
1006 2596 1084 2668 aioe
1094 2593 1215 2668 arith-

179 2711 337 2784 motivum
366 2733 461 2809 opus
490 2709 712 2808 integrum?
763 2709 864 2782 Num
890 2709 1072 2782 mathesin
1098 2708 1211 2782 nihilo

178 2818 278 2897 latins
294 2834 423 2920 patere
440 2822 652 2909 arbitratur,
667 2845 777 2918 quam
794 2821 1050 2896 arithmetica?

220 2937 270 3009 B.
297 2935 359 3010 Sic
377 2935 471 3008 dixit
487 2935 656 3023 fortasse,
674 2933 775 3031 qnod
792 2935 998 3007 doctrinam
1015 2933 1211 3023 rationum,

180 3071 253 3143 quae
281 3059 401 3123 totam
429 3047 709 3145 comprehendit
742 3047 939 3136 mathesin,
969 3047 1210 3143 arithmeticae

180 3164 293 3255 potins
316 3160 620 3236 considerationis
642 3184 722 3235 esse
738 3161 971 3258 judicaverit,
995 3185 1106 3258 quam
1122 3184 1211 3256 geo·

181 3276 345 3349 metricae.

224 3389 257 3460 Α
262 3443 271 3461 .
298 3387 548 3463 Quamobrem
564 3385 714 3460 autem?

224 3499 270 3574 B.
295 3499 454 3575 Causam
479 3500 628 3598 quidem
653 3524 729 3575 non
754 3498 939 3583 ostendit;
966 3498 1030 3572 sed
1054 3497 1091 3568 in
1115 3495 1211 3593 epis-

271 3634 364 3690 vol..
380 3636 437 3688 lv.
1087 3632 1109 3682 B

320 3758 325 3766 .
339 3718 365 3769 tt
