<?xml version="1.0" encoding="UTF-8"?>
<!DOCTYPE html PUBLIC "-//W3C//DTD XHTML 1.0 Transitional//EN"
    "http://www.w3.org/TR/xhtml1/DTD/xhtml1-transitional.dtd">
<html xmlns="http://www.w3.org/1999/xhtml" xml:lang="en" lang="en">
 <head>
  <title>
</title>
<meta http-equiv="Content-Type" content="text/html;charset=utf-8" />
  <meta name='ocr-system' content='tesseract 3.04.00' />
  <meta name='ocr-capabilities' content='ocr_page ocr_carea ocr_par ocr_line ocrx_word'/>
</head>
<body>
  <div class='ocr_page' id='page_1' title='image "./thomhobbesmalme03hobbgoog_0184.png"; bbox 0 0 2618 5092; ppageno 0'>
   <div class='ocr_carea' id='block_1_1' title="bbox 263 663 1079 733">
    <p class='ocr_par' dir='ltr' id='par_1_1' title="bbox 263 663 1079 733">
     <span class='ocr_line' id='line_1_1' title="bbox 263 663 1079 733; baseline -0.005 -1"><span class='ocrx_word' id='word_1_1' title='bbox 263 678 582 733; x_wconf 74' lang='lat' dir='ltr'><strong>manunuarrcm</strong></span> <span class='ocrx_word' id='word_1_2' title='bbox 604 678 848 731; x_wconf 80' lang='lat' dir='ltr'><strong>nounnnnm.</strong></span> <span class='ocrx_word' id='word_1_3' title='bbox 1010 663 1079 728; x_wconf 88' lang='lat'><strong>169</strong></span> 
     </span>
    </p>
   </div>
   <div class='ocr_carea' id='block_1_2' title="bbox 13 842 1254 4675">
    <p class='ocr_par' dir='ltr' id='par_1_2' title="bbox 61 842 1254 1170">
     <span class='ocr_line' id='line_1_2' title="bbox 99 842 1252 943; baseline -0.008 -23"><span class='ocrx_word' id='word_1_4' title='bbox 99 846 276 943; x_wconf 82' lang='lat' dir='ltr'>Capitibus</span> <span class='ocrx_word' id='word_1_5' title='bbox 307 847 361 921; x_wconf 79' lang='lat' dir='ltr'><strong>xii</strong></span> <span class='ocrx_word' id='word_1_6' title='bbox 383 858 423 920; x_wconf 91' lang='lat' dir='ltr'><strong>et</strong></span> <span class='ocrx_word' id='word_1_7' title='bbox 447 847 512 920; x_wconf 86' lang='lat' dir='ltr'><strong>xiii</strong></span> <span class='ocrx_word' id='word_1_8' title='bbox 541 855 772 941; x_wconf 85' lang='lat' dir='ltr'><strong>argumenta,</strong></span> <span class='ocrx_word' id='word_1_9' title='bbox 804 867 887 940; x_wconf 81' lang='lat' dir='ltr'><strong>quae</strong></span> <span class='ocrx_word' id='word_1_10' title='bbox 915 842 1079 932; x_wconf 82' lang='lat' dir='ltr'><strong>adducit,</strong></span> <span class='ocrx_word' id='word_1_11' title='bbox 1116 870 1252 911; x_wconf 72' lang='lat' dir='ltr'><strong>unroco</strong></span> 
     </span>
     <span class='ocr_line' id='line_1_3' title="bbox 62 951 1254 1058; baseline -0.001 -28"><span class='ocrx_word' id='word_1_12' title='bbox 62 958 132 1032; x_wconf 84' lang='lat' dir='ltr'>nihil</span> <span class='ocrx_word' id='word_1_13' title='bbox 156 961 313 1056; x_wconf 89' lang='lat' dir='ltr'><strong>amplius</strong></span> <span class='ocrx_word' id='word_1_14' title='bbox 339 961 498 1058; x_wconf 91' lang='lat' dir='ltr'><strong>probant</strong></span> <span class='ocrx_word' id='word_1_15' title='bbox 515 983 624 1055; x_wconf 90' lang='lat' dir='ltr'><strong>quam</strong></span> <span class='ocrx_word' id='word_1_16' title='bbox 642 958 741 1055; x_wconf 91' lang='lat' dir='ltr'><strong>quod</strong></span> <span class='ocrx_word' id='word_1_17' title='bbox 757 958 913 1054; x_wconf 81' lang='lat' dir='ltr'><strong>angulus</strong></span> <span class='ocrx_word' id='word_1_18' title='bbox 930 967 1079 1030; x_wconf 90' lang='lat' dir='ltr'><strong>contac-</strong></span> <span class='ocrx_word' id='word_1_19' title='bbox 1120 951 1254 1053; x_wconf 51' lang='grc' dir='ltr'><strong>,ζ-</strong></span> 
     </span>
     <span class='ocr_line' id='line_1_4' title="bbox 61 1070 1080 1170; baseline -0.001 -26"><span class='ocrx_word' id='word_1_20' title='bbox 61 1084 105 1144; x_wconf 88' lang='lat' dir='ltr'><strong>tus</strong></span> <span class='ocrx_word' id='word_1_21' title='bbox 114 1073 232 1170; x_wconf 81' lang='lat' dir='ltr'><strong>anguli</strong></span> <span class='ocrx_word' id='word_1_22' title='bbox 242 1073 423 1147; x_wconf 81' lang='lat' dir='ltr'><strong>rectilinei</strong></span> <span class='ocrx_word' id='word_1_23' title='bbox 433 1097 509 1146; x_wconf 93' lang='lat' dir='ltr'><strong>non</strong></span> <span class='ocrx_word' id='word_1_24' title='bbox 519 1083 574 1145; x_wconf 88' lang='lat' dir='ltr'><strong>est</strong></span> <span class='ocrx_word' id='word_1_25' title='bbox 585 1095 692 1168; x_wconf 87' lang='lat' dir='ltr'><strong>pars:</strong></span> <span class='ocrx_word' id='word_1_26' title='bbox 710 1070 809 1167; x_wconf 92' lang='lat' dir='ltr'><strong>quod</strong></span> <span class='ocrx_word' id='word_1_27' title='bbox 821 1094 896 1143; x_wconf 89' lang='lat' dir='ltr'><strong>non</strong></span> <span class='ocrx_word' id='word_1_28' title='bbox 910 1081 1080 1166; x_wconf 86' lang='lat' dir='ltr'><strong>negatur.</strong></span> 
     </span>
    </p>

    <p class='ocr_par' dir='ltr' id='par_1_3' title="bbox 59 1184 1179 2074">
     <span class='ocr_line' id='line_1_5' title="bbox 98 1184 1179 1283; baseline -0.004 -24"><span class='ocrx_word' id='word_1_29' title='bbox 98 1186 217 1282; x_wconf 80' lang='lat' dir='ltr'><strong>Capite</strong></span> <span class='ocrx_word' id='word_1_30' title='bbox 232 1188 309 1276; x_wconf 81' lang='lat' dir='ltr'><strong>xiv,</strong></span> <span class='ocrx_word' id='word_1_31' title='bbox 330 1198 549 1283; x_wconf 84' lang='lat' dir='ltr'><strong>argumenta</strong></span> <span class='ocrx_word' id='word_1_32' title='bbox 567 1185 726 1281; x_wconf 86' lang='lat' dir='ltr'><strong>explicat</strong></span> <span class='ocrx_word' id='word_1_33' title='bbox 743 1184 937 1279; x_wconf 89' lang='lat' dir='ltr'><strong>desumpta</strong></span> <span class='ocrx_word' id='word_1_34' title='bbox 953 1207 998 1257; x_wconf 84' lang='lat' dir='ltr'><strong>ex</strong></span> <span class='ocrx_word' id='word_1_35' title='bbox 1016 1207 1081 1278; x_wconf 92' lang='lat' dir='ltr'><strong>op·</strong></span> <span class='ocrx_word' id='word_1_36' title='bbox 1176 1184 1179 1191; x_wconf 83' lang='lat'>&#39;</span> 
     </span>
     <span class='ocr_line' id='line_1_6' title="bbox 62 1295 1081 1394; baseline -0.003 -24"><span class='ocrx_word' id='word_1_37' title='bbox 62 1297 119 1371; x_wconf 87' lang='lat' dir='ltr'><strong>tica</strong></span> <span class='ocrx_word' id='word_1_38' title='bbox 132 1299 349 1389; x_wconf 82' lang='lat' dir='ltr'><strong>Vitellionis‚</strong></span> <span class='ocrx_word' id='word_1_39' title='bbox 369 1301 429 1394; x_wconf 91' lang='lat' dir='ltr'><strong>(ut</strong></span> <span class='ocrx_word' id='word_1_40' title='bbox 451 1323 498 1372; x_wconf 89' lang='lat' dir='ltr'><strong>ne</strong></span> <span class='ocrx_word' id='word_1_41' title='bbox 524 1298 633 1393; x_wconf 87' lang='lat' dir='ltr'><strong>hujus</strong></span> <span class='ocrx_word' id='word_1_42' title='bbox 660 1296 809 1393; x_wconf 89' lang='lat' dir='ltr'><strong>quidem</strong></span> <span class='ocrx_word' id='word_1_43' title='bbox 840 1295 1081 1392; x_wconf 89' lang='lat' dir='ltr'><strong>philosophiae</strong></span> 
     </span>
     <span class='ocr_line' id='line_1_7' title="bbox 61 1408 1082 1509; baseline -0.005 -24"><span class='ocrx_word' id='word_1_44' title='bbox 61 1412 155 1505; x_wconf 86' lang='lat' dir='ltr'><strong>partis</strong></span> <span class='ocrx_word' id='word_1_45' title='bbox 182 1413 333 1509; x_wconf 87' lang='lat' dir='ltr'><strong>ignarus</strong></span> <span class='ocrx_word' id='word_1_46' title='bbox 363 1436 441 1486; x_wconf 84' lang='lat' dir='ltr'><strong>esse</strong></span> <span class='ocrx_word' id='word_1_47' title='bbox 465 1411 690 1505; x_wconf 83' lang='lat' dir='ltr'><strong>videretur):</strong></span> <span class='ocrx_word' id='word_1_48' title='bbox 725 1408 790 1483; x_wconf 89' lang='lat' dir='ltr'><strong>sed</strong></span> <span class='ocrx_word' id='word_1_49' title='bbox 819 1410 867 1482; x_wconf 92' lang='lat' dir='ltr'><strong>ab</strong></span> <span class='ocrx_word' id='word_1_50' title='bbox 892 1408 964 1482; x_wconf 86' lang='lat' dir='ltr'><strong>illis</strong></span> <span class='ocrx_word' id='word_1_51' title='bbox 989 1408 1082 1481; x_wconf 88' lang='lat' dir='ltr'><strong>nihil</strong></span> 
     </span>
     <span class='ocr_line' id='line_1_8' title="bbox 60 1521 1081 1622; baseline -0.001 -27"><span class='ocrx_word' id='word_1_52' title='bbox 60 1523 140 1598; x_wconf 82' lang='lat' dir='ltr'><strong>alud</strong></span> <span class='ocrx_word' id='word_1_53' title='bbox 164 1525 323 1599; x_wconf 83' lang='lat' dir='ltr'><strong>derivari</strong></span> <span class='ocrx_word' id='word_1_54' title='bbox 352 1536 489 1622; x_wconf 88' lang='lat' dir='ltr'><strong>potest,</strong></span> <span class='ocrx_word' id='word_1_55' title='bbox 516 1535 765 1620; x_wconf 73' lang='lat' dir='ltr'><strong>praeterquam</strong></span> <span class='ocrx_word' id='word_1_56' title='bbox 795 1521 895 1619; x_wconf 93' lang='lat' dir='ltr'><strong>quod</strong></span> <span class='ocrx_word' id='word_1_57' title='bbox 925 1522 1081 1617; x_wconf 87' lang='lat' dir='ltr'><strong>angulus</strong></span> 
     </span>
     <span class='ocr_line' id='line_1_9' title="bbox 60 1635 1101 1735; baseline -0.004 -27"><span class='ocrx_word' id='word_1_58' title='bbox 60 1647 229 1711; x_wconf 86' lang='lat' dir='ltr'><strong>contactus</strong></span> <span class='ocrx_word' id='word_1_59' title='bbox 245 1637 383 1735; x_wconf 86' lang='lat' dir='ltr'><strong>angulo</strong></span> <span class='ocrx_word' id='word_1_60' title='bbox 400 1637 592 1710; x_wconf 89' lang='lat' dir='ltr'><strong>rectilineo</strong></span> <span class='ocrx_word' id='word_1_61' title='bbox 610 1636 702 1708; x_wconf 91' lang='lat' dir='ltr'><strong>nihil</strong></span> <span class='ocrx_word' id='word_1_62' title='bbox 719 1635 834 1709; x_wconf 82' lang='lat' dir='ltr'><strong>addit.</strong></span> <span class='ocrx_word' id='word_1_63' title='bbox 879 1635 990 1709; x_wconf 80' lang='lat' dir='ltr'><strong>Quod</strong></span> <span class='ocrx_word' id='word_1_64' title='bbox 1003 1635 1101 1731; x_wconf 48' lang='lat' dir='ltr'><strong>qui-i</strong></span> 
     </span>
     <span class='ocr_line' id='line_1_10' title="bbox 60 1746 1082 1847; baseline -0.001 -26"><span class='ocrx_word' id='word_1_65' title='bbox 60 1747 125 1822; x_wconf 90' lang='lat' dir='ltr'><strong>dem</strong></span> <span class='ocrx_word' id='word_1_66' title='bbox 139 1751 217 1824; x_wconf 89' lang='lat' dir='ltr'><strong>fieri</strong></span> <span class='ocrx_word' id='word_1_67' title='bbox 233 1762 368 1847; x_wconf 89' lang='lat' dir='ltr'><strong>potest,</strong></span> <span class='ocrx_word' id='word_1_68' title='bbox 383 1774 429 1823; x_wconf 86' lang='lat' dir='ltr'><strong>ex</strong></span> <span class='ocrx_word' id='word_1_69' title='bbox 446 1773 489 1823; x_wconf 88' lang='lat' dir='ltr'><strong>eo</strong></span> <span class='ocrx_word' id='word_1_70' title='bbox 507 1747 607 1846; x_wconf 93' lang='lat' dir='ltr'><strong>quod</strong></span> <span class='ocrx_word' id='word_1_71' title='bbox 631 1747 830 1845; x_wconf 83' lang='lat' dir='ltr'><strong>quantitati</strong></span> <span class='ocrx_word' id='word_1_72' title='bbox 859 1746 951 1820; x_wconf 92' lang='lat' dir='ltr'><strong>nihil</strong></span> <span class='ocrx_word' id='word_1_73' title='bbox 978 1748 1082 1821; x_wconf 88' lang='lat' dir='ltr'><strong>addit</strong></span> 
     </span>
     <span class='ocr_line' id='line_1_11' title="bbox 59 1853 1081 1961; baseline 0 -27"><span class='ocrx_word' id='word_1_74' title='bbox 59 1884 115 1936; x_wconf 92' lang='lat' dir='ltr'><strong>non</strong></span> <span class='ocrx_word' id='word_1_75' title='bbox 143 1863 252 1937; x_wconf 89' lang='lat' dir='ltr'><strong>modo</strong></span> <span class='ocrx_word' id='word_1_76' title='bbox 287 1863 472 1961; x_wconf 87' lang='lat' dir='ltr'><strong>quantitas</strong></span> <span class='ocrx_word' id='word_1_77' title='bbox 503 1861 615 1951; x_wconf 91' lang='lat' dir='ltr'><strong>nulla,</strong></span> <span class='ocrx_word' id='word_1_78' title='bbox 651 1862 716 1935; x_wconf 90' lang='lat' dir='ltr'><strong>sed</strong></span> <span class='ocrx_word' id='word_1_79' title='bbox 749 1853 861 1935; x_wconf 89' lang='lat' dir='ltr'><strong>etiam</strong></span> <span class='ocrx_word' id='word_1_80' title='bbox 894 1861 1081 1957; x_wconf 90' lang='lat' dir='ltr'><strong>quantitas</strong></span> 
     </span>
     <span class='ocr_line' id='line_1_12' title="bbox 59 1974 294 2074; baseline 0.013 -27"><span class='ocrx_word' id='word_1_81' title='bbox 59 1974 294 2074; x_wconf 84' lang='lat' dir='ltr'><strong>heterogeuea.</strong></span> 
     </span>
    </p>

    <p class='ocr_par' dir='ltr' id='par_1_4' title="bbox 56 2086 1083 3868">
     <span class='ocr_line' id='line_1_13' title="bbox 96 2086 1080 2186; baseline -0.004 -23"><span class='ocrx_word' id='word_1_82' title='bbox 96 2090 289 2180; x_wconf 90' lang='lat' dir='ltr'><strong>Postremo,</strong></span> <span class='ocrx_word' id='word_1_83' title='bbox 311 2089 432 2186; x_wconf 88' lang='lat' dir='ltr'><strong>capite</strong></span> <span class='ocrx_word' id='word_1_84' title='bbox 449 2113 510 2178; x_wconf 80' lang='lat' dir='ltr'><strong>nn,</strong></span> <span class='ocrx_word' id='word_1_85' title='bbox 536 2087 737 2184; x_wconf 84' lang='lat' dir='ltr'><strong>respondet</strong></span> <span class='ocrx_word' id='word_1_86' title='bbox 764 2087 812 2160; x_wconf 90' lang='lat' dir='ltr'><strong>ad</strong></span> <span class='ocrx_word' id='word_1_87' title='bbox 839 2086 955 2161; x_wconf 88' lang='lat' dir='ltr'><strong>Clavii</strong></span> <span class='ocrx_word' id='word_1_88' title='bbox 982 2111 1080 2182; x_wconf 89' lang='lat' dir='ltr'><strong>quae-</strong></span> 
     </span>
     <span class='ocr_line' id='line_1_14' title="bbox 59 2198 1082 2296; baseline -0.002 -21"><span class='ocrx_word' id='word_1_89' title='bbox 59 2200 126 2275; x_wconf 76' lang='lat' dir='ltr'><strong>(hm</strong></span> <span class='ocrx_word' id='word_1_90' title='bbox 154 2203 358 2277; x_wconf 84' lang='lat' dir='ltr'><strong>corollaria.</strong></span> <span class='ocrx_word' id='word_1_91' title='bbox 412 2202 579 2276; x_wconf 80' lang='lat' dir='ltr'><strong>Quorum</strong></span> <span class='ocrx_word' id='word_1_92' title='bbox 608 2224 725 2274; x_wconf 91' lang='lat' dir='ltr'><strong>unum</strong></span> <span class='ocrx_word' id='word_1_93' title='bbox 748 2210 815 2288; x_wconf 88' lang='lat' dir='ltr'><strong>est,</strong></span> <span class='ocrx_word' id='word_1_94' title='bbox 840 2198 938 2295; x_wconf 91' lang='lat' dir='ltr'><strong>quod</strong></span> <span class='ocrx_word' id='word_1_95' title='bbox 958 2209 1082 2296; x_wconf 83' lang='lat' dir='ltr'><strong>potest</strong></span> 
     </span>
     <span class='ocr_line' id='line_1_15' title="bbox 59 2312 1083 2414; baseline -0.002 -27"><span class='ocrx_word' id='word_1_96' title='bbox 59 2314 165 2412; x_wconf 81' lang='lat' dir='ltr'><strong>aliqua</strong></span> <span class='ocrx_word' id='word_1_97' title='bbox 193 2316 388 2414; x_wconf 80' lang='lat' dir='ltr'><strong>quantitas</strong></span> <span class='ocrx_word' id='word_1_98' title='bbox 416 2314 586 2388; x_wconf 80' lang='lat' dir='ltr'><strong>contiuua</strong></span> <span class='ocrx_word' id='word_1_99' title='bbox 615 2324 653 2386; x_wconf 85' lang='lat' dir='ltr'><strong>et</strong></span> <span class='ocrx_word' id='word_1_100' title='bbox 688 2313 831 2408; x_wconf 78' lang='lat' dir='ltr'><strong>irpinite</strong></span> <span class='ocrx_word' id='word_1_101' title='bbox 864 2312 1012 2411; x_wconf 82' lang='lat' dir='ltr'><strong>augeri,</strong></span> <span class='ocrx_word' id='word_1_102' title='bbox 1045 2323 1083 2385; x_wconf 87' lang='lat' dir='ltr'><strong>et</strong></span> 
     </span>
     <span class='ocr_line' id='line_1_16' title="bbox 59 2425 1081 2526; baseline -0.002 -27"><span class='ocrx_word' id='word_1_103' title='bbox 59 2435 159 2502; x_wconf 75' lang='lat' dir='ltr'><strong>umen</strong></span> <span class='ocrx_word' id='word_1_104' title='bbox 201 2437 437 2526; x_wconf 77' lang='lat' dir='ltr'><strong>augurarium</strong></span> <span class='ocrx_word' id='word_1_105' title='bbox 476 2425 579 2501; x_wconf 82' lang='lat' dir='ltr'><strong>illius</strong></span> <span class='ocrx_word' id='word_1_106' title='bbox 620 2436 932 2525; x_wconf 81' lang='lat' dir='ltr'><strong>quantumcunque</strong></span> <span class='ocrx_word' id='word_1_107' title='bbox 964 2425 1081 2498; x_wconf 79' lang='lat' dir='ltr'><strong>minus</strong></span> 
     </span>
     <span class='ocr_line' id='line_1_17' title="bbox 58 2539 1081 2640; baseline 0.002 -31"><span class='ocrx_word' id='word_1_108' title='bbox 58 2562 182 2640; x_wconf 76' lang='lat' dir='ltr'><strong>suuper</strong></span> <span class='ocrx_word' id='word_1_109' title='bbox 209 2541 284 2614; x_wconf 87' lang='lat' dir='ltr'><strong>erit</strong></span> <span class='ocrx_word' id='word_1_110' title='bbox 311 2540 541 2614; x_wconf 83' lang='lat' dir='ltr'><strong>decremento</strong></span> <span class='ocrx_word' id='word_1_111' title='bbox 570 2540 702 2636; x_wconf 79' lang='lat' dir='ltr'><strong>hujus:</strong></span> <span class='ocrx_word' id='word_1_112' title='bbox 728 2539 828 2635; x_wconf 92' lang='lat' dir='ltr'><strong>quod</strong></span> <span class='ocrx_word' id='word_1_113' title='bbox 862 2539 1010 2635; x_wconf 90' lang='lat' dir='ltr'><strong>quidem</strong></span> <span class='ocrx_word' id='word_1_114' title='bbox 1036 2563 1081 2611; x_wconf 94' lang='lat' dir='ltr'><strong>eo</strong></span> 
     </span>
     <span class='ocr_line' id='line_1_18' title="bbox 59 2652 1081 2750; baseline 0 -26"><span class='ocrx_word' id='word_1_115' title='bbox 59 2675 148 2729; x_wconf 86' lang='lat' dir='ltr'><strong>seusu</strong></span> <span class='ocrx_word' id='word_1_116' title='bbox 177 2677 288 2750; x_wconf 90' lang='lat' dir='ltr'><strong>quem</strong></span> <span class='ocrx_word' id='word_1_117' title='bbox 319 2653 499 2744; x_wconf 86' lang='lat' dir='ltr'><strong>hocloco</strong></span> <span class='ocrx_word' id='word_1_118' title='bbox 529 2653 666 2726; x_wconf 91' lang='lat' dir='ltr'><strong>habere</strong></span> <span class='ocrx_word' id='word_1_119' title='bbox 703 2652 826 2743; x_wconf 88' lang='lat' dir='ltr'><strong>debet,</strong></span> <span class='ocrx_word' id='word_1_120' title='bbox 856 2652 1081 2725; x_wconf 89' lang='lat' dir='ltr'><strong>dictumest</strong></span> 
     </span>
     <span class='ocr_line' id='line_1_19' title="bbox 59 2764 1082 2864; baseline -0.001 -26"><span class='ocrx_word' id='word_1_121' title='bbox 59 2765 144 2857; x_wconf 85' lang='lat' dir='ltr'><strong>plane</strong></span> <span class='ocrx_word' id='word_1_122' title='bbox 160 2765 373 2841; x_wconf 85' lang='lat' dir='ltr'><strong>absurdum.</strong></span> <span class='ocrx_word' id='word_1_123' title='bbox 411 2766 592 2854; x_wconf 88' lang='lat' dir='ltr'><strong>Alterum,</strong></span> <span class='ocrx_word' id='word_1_124' title='bbox 606 2766 764 2838; x_wconf 85' lang='lat' dir='ltr'><strong>transiri</strong></span> <span class='ocrx_word' id='word_1_125' title='bbox 773 2789 889 2864; x_wconf 82' lang='lat' dir='ltr'><strong>posse</strong></span> <span class='ocrx_word' id='word_1_126' title='bbox 905 2790 930 2838; x_wconf 89' lang='lat' dir='ltr'><strong>o</strong></span> <span class='ocrx_word' id='word_1_127' title='bbox 942 2764 1082 2838; x_wconf 87' lang='lat' dir='ltr'><strong>minore</strong></span> 
     </span>
     <span class='ocr_line' id='line_1_20' title="bbox 58 2876 1080 2977; baseline 0.002 -29"><span class='ocrx_word' id='word_1_128' title='bbox 58 2876 100 2950; x_wconf 85' lang='lat' dir='ltr'><strong>ul</strong></span> <span class='ocrx_word' id='word_1_129' title='bbox 110 2883 236 2977; x_wconf 78' lang='lat' dir='ltr'><strong>majus,</strong></span> <span class='ocrx_word' id='word_1_130' title='bbox 248 2878 311 2952; x_wconf 83' lang='lat' dir='ltr'><strong>oei</strong></span> <span class='ocrx_word' id='word_1_131' title='bbox 324 2888 467 2968; x_wconf 84' lang='lat' dir='ltr'><strong>contra,</strong></span> <span class='ocrx_word' id='word_1_132' title='bbox 483 2888 521 2951; x_wconf 84' lang='lat' dir='ltr'><strong>ot</strong></span> <span class='ocrx_word' id='word_1_133' title='bbox 528 2901 606 2975; x_wconf 80' lang='lat' dir='ltr'><strong>per</strong></span> <span class='ocrx_word' id='word_1_134' title='bbox 629 2879 750 2951; x_wconf 87' lang='lat' dir='ltr'><strong>omnia</strong></span> <span class='ocrx_word' id='word_1_135' title='bbox 766 2878 889 2951; x_wconf 82' lang='lat' dir='ltr'><strong>media</strong></span> <span class='ocrx_word' id='word_1_136' title='bbox 902 2905 917 2962; x_wconf 89' lang='lat'><em>;</em></span> <span class='ocrx_word' id='word_1_137' title='bbox 943 2902 1009 2950; x_wconf 88' lang='lat' dir='ltr'><strong>nec</strong></span> <span class='ocrx_word' id='word_1_138' title='bbox 1026 2887 1080 2950; x_wconf 87' lang='lat' dir='ltr'><strong>to·</strong></span> 
     </span>
     <span class='ocr_line' id='line_1_21' title="bbox 59 2991 1079 3092; baseline -0.001 -28"><span class='ocrx_word' id='word_1_139' title='bbox 59 3013 204 3092; x_wconf 78' lang='lat' dir='ltr'><strong>reaper</strong></span> <span class='ocrx_word' id='word_1_140' title='bbox 218 2991 383 3090; x_wconf 69' lang='lat' dir='ltr'><strong>equale:</strong></span> <span class='ocrx_word' id='word_1_141' title='bbox 402 2991 503 3089; x_wconf 93' lang='lat' dir='ltr'><strong>quod</strong></span> <span class='ocrx_word' id='word_1_142' title='bbox 516 3002 570 3064; x_wconf 86' lang='lat' dir='ltr'><strong>est</strong></span> <span class='ocrx_word' id='word_1_143' title='bbox 581 2991 895 3066; x_wconf 86' lang='lat' dir='ltr'><strong>absurdissimum.</strong></span> <span class='ocrx_word' id='word_1_144' title='bbox 923 2991 1079 3063; x_wconf 91' lang='lat' dir='ltr'><strong>Hiccine</strong></span> 
     </span>
     <span class='ocr_line' id='line_1_22' title="bbox 60 3101 1077 3203; baseline 0.004 -32"><span class='ocrx_word' id='word_1_145' title='bbox 60 3101 112 3177; x_wconf 87' lang='lat' dir='ltr'><strong>nit</strong></span> <span class='ocrx_word' id='word_1_146' title='bbox 134 3107 197 3203; x_wconf 89' lang='lat' dir='ltr'><strong>qui</strong></span> <span class='ocrx_word' id='word_1_147' title='bbox 226 3106 319 3180; x_wconf 88' lang='lat' dir='ltr'><strong>adeo</strong></span> <span class='ocrx_word' id='word_1_148' title='bbox 343 3105 500 3201; x_wconf 84' lang='lat' dir='ltr'><strong>superbe</strong></span> <span class='ocrx_word' id='word_1_149' title='bbox 526 3104 768 3178; x_wconf 90' lang='lat' dir='ltr'><strong>insultaverat</strong></span> <span class='ocrx_word' id='word_1_150' title='bbox 783 3105 860 3177; x_wconf 89' lang='lat' dir='ltr'><strong>Jos.</strong></span> <span class='ocrx_word' id='word_1_151' title='bbox 878 3104 1077 3198; x_wconf 85' lang='lat' dir='ltr'><strong>Scaligero,</strong></span> 
     </span>
     <span class='ocr_line' id='line_1_23' title="bbox 60 3217 1081 3316; baseline -0.001 -27"><span class='ocrx_word' id='word_1_152' title='bbox 60 3219 137 3310; x_wconf 91' lang='lat' dir='ltr'><strong>quod</strong></span> <span class='ocrx_word' id='word_1_153' title='bbox 164 3220 308 3294; x_wconf 86' lang='lat' dir='ltr'><strong>dixerat</strong></span> <span class='ocrx_word' id='word_1_154' title='bbox 338 3219 465 3293; x_wconf 85' lang='lat' dir='ltr'><strong>latero</strong></span> <span class='ocrx_word' id='word_1_155' title='bbox 498 3228 540 3292; x_wconf 80' lang='lat'><strong>12</strong></span> <span class='ocrx_word' id='word_1_156' title='bbox 568 3217 800 3316; x_wconf 72' lang='lat' dir='ltr'><strong>undecagoni</strong></span> <span class='ocrx_word' id='word_1_157' title='bbox 827 3219 972 3312; x_wconf 82' lang='lat' dir='ltr'><strong>majora</strong></span> <span class='ocrx_word' id='word_1_158' title='bbox 999 3239 1081 3291; x_wconf 80' lang='lat' dir='ltr'><strong>esse</strong></span> 
     </span>
     <span class='ocr_line' id='line_1_24' title="bbox 56 3329 1078 3429; baseline -0.003 -25"><span class='ocrx_word' id='word_1_159' title='bbox 56 3332 237 3421; x_wconf 78' lang='lat' dir='ltr'><strong>perimetro</strong></span> <span class='ocrx_word' id='word_1_160' title='bbox 265 3331 402 3406; x_wconf 86' lang='lat' dir='ltr'><strong>circuli</strong></span> <span class='ocrx_word' id='word_1_161' title='bbox 428 3331 734 3429; x_wconf 69' lang='lat' dir='ltr'><strong>circumscripti?</strong></span> <span class='ocrx_word' id='word_1_162' title='bbox 786 3329 899 3406; x_wconf 78' lang='lat' dir='ltr'><strong>Quod</strong></span> <span class='ocrx_word' id='word_1_163' title='bbox 929 3329 1078 3425; x_wconf 90' lang='lat' dir='ltr'><strong>quidem</strong></span> 
     </span>
     <span class='ocr_line' id='line_1_25' title="bbox 60 3439 1079 3538; baseline 0.003 -22"><span class='ocrx_word' id='word_1_164' title='bbox 60 3439 236 3518; x_wconf 74' lang='lat' dir='ltr'><strong>absurdum</strong></span> <span class='ocrx_word' id='word_1_165' title='bbox 252 3456 345 3534; x_wconf 88' lang='lat' dir='ltr'><strong>erat,</strong></span> <span class='ocrx_word' id='word_1_166' title='bbox 364 3444 428 3518; x_wconf 88' lang='lat' dir='ltr'><strong>sed</strong></span> <span class='ocrx_word' id='word_1_167' title='bbox 448 3469 524 3518; x_wconf 91' lang='lat' dir='ltr'><strong>non</strong></span> <span class='ocrx_word' id='word_1_168' title='bbox 551 3457 628 3518; x_wconf 91' lang='lat' dir='ltr'><strong>tam</strong></span> <span class='ocrx_word' id='word_1_169' title='bbox 647 3467 756 3538; x_wconf 88' lang='lat' dir='ltr'><strong>quam</strong></span> <span class='ocrx_word' id='word_1_170' title='bbox 782 3454 987 3516; x_wconf 88' lang='lat' dir='ltr'><strong>monstrum</strong></span> <span class='ocrx_word' id='word_1_171' title='bbox 1007 3444 1079 3519; x_wconf 89' lang='lat' dir='ltr'><strong>hoo</strong></span> 
     </span>
     <span class='ocr_line' id='line_1_26' title="bbox 61 3551 1079 3655; baseline 0.004 -30"><span class='ocrx_word' id='word_1_172' title='bbox 61 3551 164 3648; x_wconf 81' lang='lat' dir='ltr'><strong>Clarii,</strong></span> <span class='ocrx_word' id='word_1_173' title='bbox 180 3570 335 3655; x_wconf 90' lang='lat' dir='ltr'><strong>propter</strong></span> <span class='ocrx_word' id='word_1_174' title='bbox 351 3558 452 3655; x_wconf 93' lang='lat' dir='ltr'><strong>quod</strong></span> <span class='ocrx_word' id='word_1_175' title='bbox 468 3557 707 3653; x_wconf 85' lang='lat' dir='ltr'><strong>geometriam</strong></span> <span class='ocrx_word' id='word_1_176' title='bbox 728 3557 845 3654; x_wconf 88' lang='lat' dir='ltr'><strong>ipsam</strong></span> <span class='ocrx_word' id='word_1_177' title='bbox 862 3580 936 3630; x_wconf 89' lang='lat' dir='ltr'><strong>nou</strong></span> <span class='ocrx_word' id='word_1_178' title='bbox 954 3558 1079 3653; x_wconf 85' lang='lat' dir='ltr'><strong>magni</strong></span> 
     </span>
     <span class='ocr_line' id='line_1_27' title="bbox 60 3663 1079 3766; baseline 0.006 -27"><span class='ocrx_word' id='word_1_179' title='bbox 60 3663 199 3744; x_wconf 82' lang='lat' dir='ltr'><strong>facerent</strong></span> <span class='ocrx_word' id='word_1_180' title='bbox 228 3670 396 3744; x_wconf 87' lang='lat' dir='ltr'><strong>homines</strong></span> <span class='ocrx_word' id='word_1_181' title='bbox 426 3694 501 3743; x_wconf 91' lang='lat' dir='ltr'><strong>nou</strong></span> <span class='ocrx_word' id='word_1_182' title='bbox 527 3682 739 3766; x_wconf 86' lang='lat' dir='ltr'><strong>geometrae.</strong></span> <span class='ocrx_word' id='word_1_183' title='bbox 790 3671 843 3743; x_wconf 88' lang='lat' dir='ltr'><strong>At</strong></span> <span class='ocrx_word' id='word_1_184' title='bbox 872 3682 979 3743; x_wconf 89' lang='lat' dir='ltr'><strong>notat</strong></span> <span class='ocrx_word' id='word_1_185' title='bbox 1008 3672 1079 3745; x_wconf 90' lang='lat' dir='ltr'><strong>hoc</strong></span> 
     </span>
     <span class='ocr_line' id='line_1_28' title="bbox 61 3782 902 3868; baseline 0.01 -21"><span class='ocrx_word' id='word_1_186' title='bbox 61 3797 114 3854; x_wconf 89' lang='lat' dir='ltr'><strong>non</strong></span> <span class='ocrx_word' id='word_1_187' title='bbox 130 3795 171 3856; x_wconf 91' lang='lat' dir='ltr'><strong>ut</strong></span> <span class='ocrx_word' id='word_1_188' title='bbox 185 3783 386 3857; x_wconf 85' lang='lat' dir='ltr'><strong>absurdum</strong></span> <span class='ocrx_word' id='word_1_189' title='bbox 403 3782 600 3868; x_wconf 79' lang='lat' dir='ltr'><strong>wallisius,</strong></span> <span class='ocrx_word' id='word_1_190' title='bbox 618 3782 683 3855; x_wconf 88' lang='lat' dir='ltr'><strong>sed</strong></span> <span class='ocrx_word' id='word_1_191' title='bbox 700 3795 741 3856; x_wconf 93' lang='lat' dir='ltr'><strong>ut</strong></span> <span class='ocrx_word' id='word_1_192' title='bbox 758 3784 902 3857; x_wconf 86' lang='lat' dir='ltr'><strong>falsum.</strong></span> 
     </span>
    </p>

    <p class='ocr_par' dir='ltr' id='par_1_5' title="bbox 62 3893 1080 4334">
     <span class='ocr_line' id='line_1_29' title="bbox 95 3893 1079 3992; baseline 0.004 -26"><span class='ocrx_word' id='word_1_193' title='bbox 95 3893 137 3968; x_wconf 89' lang='lat' dir='ltr'><strong>B.</strong></span> <span class='ocrx_word' id='word_1_194' title='bbox 161 3896 304 3985; x_wconf 82' lang='lat' dir='ltr'><strong>Restat,</strong></span> <span class='ocrx_word' id='word_1_195' title='bbox 323 3894 497 3992; x_wconf 91' lang='lat' dir='ltr'><strong>quoniam</strong></span> <span class='ocrx_word' id='word_1_196' title='bbox 519 3895 656 3990; x_wconf 84' lang='lat' dir='ltr'><strong>angulo</strong></span> <span class='ocrx_word' id='word_1_197' title='bbox 681 3907 873 3969; x_wconf 88' lang='lat' dir='ltr'><strong>contactus</strong></span> <span class='ocrx_word' id='word_1_198' title='bbox 895 3897 1079 3992; x_wconf 86' lang='lat' dir='ltr'><strong>quantita-</strong></span> 
     </span>
     <span class='ocr_line' id='line_1_30' title="bbox 62 4009 1079 4106; baseline 0.003 -27"><span class='ocrx_word' id='word_1_199' title='bbox 62 4011 115 4079; x_wconf 74' lang='lat' dir='ltr'><strong>tem</strong></span> <span class='ocrx_word' id='word_1_200' title='bbox 131 4009 273 4098; x_wconf 88' lang='lat' dir='ltr'><strong>tribuis,</strong></span> <span class='ocrx_word' id='word_1_201' title='bbox 292 4009 358 4083; x_wconf 89' lang='lat' dir='ltr'><strong>sed</strong></span> <span class='ocrx_word' id='word_1_202' title='bbox 375 4009 501 4106; x_wconf 86' lang='lat' dir='ltr'><strong>auguli</strong></span> <span class='ocrx_word' id='word_1_203' title='bbox 519 4009 699 4082; x_wconf 85' lang='lat' dir='ltr'><strong>rectilinei</strong></span> <span class='ocrx_word' id='word_1_204' title='bbox 717 4010 916 4106; x_wconf 87' lang='lat' dir='ltr'><strong>quantitati</strong></span> <span class='ocrx_word' id='word_1_205' title='bbox 933 4010 1079 4082; x_wconf 89' lang='lat' dir='ltr'><strong>hetero-</strong></span> 
     </span>
     <span class='ocr_line' id='line_1_31' title="bbox 62 4123 1080 4220; baseline 0.003 -27"><span class='ocrx_word' id='word_1_206' title='bbox 62 4135 201 4210; x_wconf 76' lang='lat' dir='ltr'><strong>genaam,</strong></span> <span class='ocrx_word' id='word_1_207' title='bbox 218 4134 262 4196; x_wconf 94' lang='lat' dir='ltr'><strong>ut</strong></span> <span class='ocrx_word' id='word_1_208' title='bbox 278 4124 450 4197; x_wconf 87' lang='lat' dir='ltr'><strong>ostendas</strong></span> <span class='ocrx_word' id='word_1_209' title='bbox 464 4147 576 4219; x_wconf 92' lang='lat' dir='ltr'><strong>quare</strong></span> <span class='ocrx_word' id='word_1_210' title='bbox 594 4123 642 4196; x_wconf 89' lang='lat' dir='ltr'><strong>sit</strong></span> <span class='ocrx_word' id='word_1_211' title='bbox 657 4124 928 4220; x_wconf 77' lang='lat' dir='ltr'><strong>heterogenea3</strong></span> <span class='ocrx_word' id='word_1_212' title='bbox 955 4137 993 4196; x_wconf 89' lang='lat' dir='ltr'><strong>et</strong></span> <span class='ocrx_word' id='word_1_213' title='bbox 1006 4148 1080 4219; x_wconf 89' lang='lat' dir='ltr'><strong>qua</strong></span> 
     </span>
     <span class='ocr_line' id='line_1_32' title="bbox 63 4236 1080 4334; baseline 0.004 -29"><span class='ocrx_word' id='word_1_214' title='bbox 63 4245 206 4310; x_wconf 77' lang='lat' dir='ltr'><strong>mensura</strong></span> <span class='ocrx_word' id='word_1_215' title='bbox 224 4238 449 4334; x_wconf 89' lang='lat' dir='ltr'><strong>quantitates</strong></span> <span class='ocrx_word' id='word_1_216' title='bbox 475 4236 632 4309; x_wconf 89' lang='lat' dir='ltr'><strong>duorum</strong></span> <span class='ocrx_word' id='word_1_217' title='bbox 649 4237 867 4332; x_wconf 83' lang='lat' dir='ltr'><strong>angulorum</strong></span> <span class='ocrx_word' id='word_1_218' title='bbox 886 4249 1080 4310; x_wconf 91' lang='lat' dir='ltr'><strong>contactus</strong></span> 
     </span>
    </p>

    <p class='ocr_par' dir='ltr' id='par_1_6' title="bbox 13 4347 1080 4675">
     <span class='ocr_line' id='line_1_33' title="bbox 13 4347 1080 4444; baseline 0.007 -30"><span class='ocrx_word' id='word_1_219' title='bbox 13 4398 15 4415; x_wconf 92' lang='grc'>.</span> <span class='ocrx_word' id='word_1_220' title='bbox 65 4347 180 4428; x_wconf 77' lang='lat' dir='ltr'><strong>possint</strong></span> <span class='ocrx_word' id='word_1_221' title='bbox 208 4350 425 4422; x_wconf 89' lang='lat' dir='ltr'><strong>mensurari.</strong></span> <span class='ocrx_word' id='word_1_222' title='bbox 477 4349 598 4422; x_wconf 89' lang='lat' dir='ltr'><strong>Primo</strong></span> <span class='ocrx_word' id='word_1_223' title='bbox 626 4359 762 4438; x_wconf 90' lang='lat' dir='ltr'><strong>autem,</strong></span> <span class='ocrx_word' id='word_1_224' title='bbox 787 4349 877 4444; x_wconf 91' lang='lat' dir='ltr'><strong>quid</strong></span> <span class='ocrx_word' id='word_1_225' title='bbox 907 4360 961 4421; x_wconf 91' lang='lat' dir='ltr'><strong>est</strong></span> <span class='ocrx_word' id='word_1_226' title='bbox 988 4347 1080 4421; x_wconf 93' lang='lat' dir='ltr'><strong>illud</strong></span> 
     </span>
     <span class='ocr_line' id='line_1_34' title="bbox 66 4461 1080 4561; baseline 0.003 -32"><span class='ocrx_word' id='word_1_227' title='bbox 66 4472 121 4529; x_wconf 68' lang='lat' dir='ltr'><strong>esse</strong></span> <span class='ocrx_word' id='word_1_228' title='bbox 133 4461 418 4561; x_wconf 69' lang='lat' dir='ltr'><strong>homogeneum?</strong></span> <span class='ocrx_word' id='word_1_229' title='bbox 444 4461 590 4558; x_wconf 83' lang='lat' dir='ltr'><strong>thuid</strong></span> <span class='ocrx_word' id='word_1_230' title='bbox 608 4475 664 4537; x_wconf 89' lang='lat' dir='ltr'><strong>est</strong></span> <span class='ocrx_word' id='word_1_231' title='bbox 680 4485 759 4535; x_wconf 90' lang='lat' dir='ltr'><strong>esse</strong></span> <span class='ocrx_word' id='word_1_232' title='bbox 772 4461 1080 4559; x_wconf 72' lang='lat' dir='ltr'><strong>laeterogeucunr?</strong></span> 
     </span>
     <span class='ocr_line' id='line_1_35' title="bbox 13 4564 1079 4675; baseline 0.001 -30"><span class='ocrx_word' id='word_1_233' title='bbox 13 4564 15 4575; x_wconf 79' lang='lat'>&#39;</span> <span class='ocrx_word' id='word_1_234' title='bbox 102 4572 139 4645; x_wconf 77' lang='grc' dir='ltr'><strong>Α.</strong></span> <span class='ocrx_word' id='word_1_235' title='bbox 164 4576 408 4675; x_wconf 80' lang='lat' dir='ltr'><strong>Homogeueoe</strong></span> <span class='ocrx_word' id='word_1_236' title='bbox 434 4576 659 4673; x_wconf 88' lang='lat' dir='ltr'><strong>quantitates</strong></span> <span class='ocrx_word' id='word_1_237' title='bbox 688 4586 785 4666; x_wconf 89' lang='lat' dir='ltr'><strong>sunt,</strong></span> <span class='ocrx_word' id='word_1_238' title='bbox 805 4598 960 4671; x_wconf 89' lang='lat' dir='ltr'><strong>quarum</strong></span> <span class='ocrx_word' id='word_1_239' title='bbox 977 4596 1079 4648; x_wconf 89' lang='lat' dir='ltr'><strong>men-</strong></span> 
     </span>
    </p>
   </div>
   <div class='ocr_carea' id='block_1_3' title="bbox 0 0 1314 5092">
    <p class='ocr_par' dir='ltr' id='par_1_7' title="bbox 0 0 1314 5092">
     <span class='ocr_line' id='line_1_36' title="bbox 0 0 1314 5092; baseline 0 0"><span class='ocrx_word' id='word_1_240' title='bbox 0 0 1314 5092; x_wconf 95' lang='lat' dir='ltr'><strong> </strong></span> 
     </span>
    </p>
   </div>
  </div>
 </body>
</html>
