2618 5092
284 644 603 699 marmannorum
623 642 866 696 homanum.
1028 626 1095 692 145

100 814 148 888 Α.
175 814 268 888 Sive
292 814 418 911 lapsus
439 814 498 903 sit,
524 814 600 887 sive
626 835 803 885 areanum
828 810 977 907 aliquod
1008 810 1098 882 artis
1134 830 1283 872 annosos

55 927 281 1024 symbolicae,
293 928 370 1000 vim
382 939 481 1001 certe
493 927 605 1000 habet
619 950 764 1000 omnem
776 923 1099 997 demonstrationis
1139 912 1281 1016 „L

55 1041 160 1136 hujus
170 1040 392 1114 ulteriorem
402 1041 709 1114 examinationem
721 1036 957 1136 praecidendi.
982 1038 1100 1111 Tran-

57 1153 218 1227 siliemus
236 1153 363 1250 Caput
384 1153 610 1227 tricesimum
633 1166 818 1250 quartum,
836 1163 878 1224 ut
895 1150 993 1247 quod
1010 1149 1101 1223 nihil

58 1266 154 1340 aliud
172 1278 231 1340 est
257 1279 395 1363 praeter
419 1266 618 1340 earundem
644 1264 997 1338 demonstrationum
1020 1263 1102 1336 bre-

58 1379 208 1468 viorem,
222 1389 262 1451 et
278 1379 358 1452 fere
375 1391 492 1453 totam
510 1379 709 1475 symbolice
727 1379 914 1474 scriptam,
928 1376 1102 1473 synopsin

60 1516 207 1566 meam.
260 1491 382 1589 Caput
404 1493 628 1566 tricesimum
652 1493 820 1589 quintum
844 1502 901 1563 est
920 1490 1102 1563 Elementi

61 1606 180 1702 quinti
212 1605 379 1680 Euolidis
409 1606 672 1680 demonstratio
706 1604 964 1688 arithmetica;
1004 1602 1103 1699 quod

61 1718 208 1815 quidem
220 1719 453 1793 Elementum
471 1720 669 1816 symbolice
688 1718 839 1792 cuilibet
857 1728 896 1790 et
912 1717 987 1790 suis
1005 1740 1104 1813 sym-

63 1831 153 1905 bolis
170 1831 429 1920 transoribere,
445 1831 552 1906 facile
569 1843 636 1905 est.

111 1945 173 2018 B<
189 1943 321 2020 Quid?
371 1944 713 2018 Demonstrationes
736 1944 814 2039 ejus
837 1942 975 2016 nihilne
1003 1942 1103 2016 aliud

64 2070 148 2131 suut
163 2068 301 2154 praeter
318 2057 619 2154 transcriptiones
638 2057 651 2128 ?

111 2173 161 2243 A.
187 2171 275 2245 Non
292 2170 331 2243 id
348 2169 456 2255 dioo;
482 2171 548 2244 sed
565 2195 650 2244 oum
674 2169 783 2244 facile
800 2169 850 2242 sit
874 2168 1103 2241 demonstra-

66 2282 182 2358 tiones
208 2283 372 2357 Euclidis
404 2307 480 2357 una
512 2308 597 2357 cum
631 2282 906 2356 definitionibus
940 2280 1103 2377 ejusdem

68 2397 224 2470 scribere
258 2395 470 2494 symbolice,
504 2397 648 2471 facilius
677 2406 733 2469 est
763 2396 992 2469 theoremata
1025 2396 1103 2490 ejus

69 2507 196 2582 inferre
214 2531 261 2582 ex
278 2519 466 2604 assumpta
478 2509 557 2582 sine
569 2507 882 2581 demonstratione
895 2505 1103 2603 hypothesi.

71 2619 158 2696 Nam
174 2646 262 2696 cum
278 2633 399 2696 totum
413 2621 504 2697 illud
520 2623 751 2697 Elementum
766 2624 935 2719 quintum
953 2646 997 2695 ex
1016 2623 1105 2695 defi-

71 2735 204 2810 nitione
227 2734 434 2832 dependeat
455 2737 618 2831 ejmdem
637 2737 807 2826 rationis,
832 2736 907 2826 ille,
935 2738 1105 2832 neglecta

74 2845 278 2922 definitione
319 2848 494 2939 Euclidis,
531 2849 613 2924 loco
648 2851 727 2945 ejus
761 2850 952 2923 substituit
985 2852 1102 2924 hano:

75 2959 265 3058 aquatitas
280 2959 357 3033 aiae
372 2960 548 3036 identitas
564 2962 723 3036 rationis
740 2972 797 3036 eat
814 2961 1012 3058 (equalitas
1029 2962 1106 3034 aive

77 3069 243 3147 identitas
271 3083 475 3172 pantorum.
538 3075 681 3150 Deinde
708 3076 919 3171 subjungit:
941 3084 1052 3171 pata,
1069 3074 1105 3146 si

78 3171 254 3311 αἲξ-ἓ,
279 3205 446 3273 estete:
465 3200 590 3273 atzb:
608 3217 642 3292 β,
658 3209 695 3272 et
712 3197 1105 3297 contra;quodnobis

78 3313 138 3388 erit
151 3314 376 3412 dfinitionis
390 3315 481 3389 loco.
534 3317 723 3406 Similiter,
734 3317 915 3390 rationem
929 3317 1104 3410 majorem

79 3438 109 3499 et
122 3429 300 3502 minorem
317 3429 445 3502 definit
461 3430 535 3503 sio:
563 3429 627 3502 abi
650 3439 784 3528 quotus
808 3431 928 3525 major
950 3438 1019 3519 est,
1055 3427 1107 3502 ibi

79 3541 167 3614 tatia
182 3543 304 3637 major
313 3568 328 3624 ,·
352 3541 414 3614 abi
431 3543 561 3632 minor,
579 3543 696 3615 minor
713 3552 781 3616 eat.

118 3649 162 3727 B.
188 3654 393 3750 Propositio
410 3666 477 3743 est,
496 3655 661 3729 definitio
677 3679 754 3728 non
771 3668 837 3729 est.
886 3655 1106 3751 Quanquam

81 3776 189 3840 tutem
214 3767 380 3841 definitio
403 3791 478 3842 non
504 3769 563 3858 sit,
593 3768 657 3842 sed
685 3769 835 3866 propria
865 3768 997 3865 passio,
1020 3792 1107 3843 vera

23 3882 26 3963 ξ
81 3887 190 3954 umen
207 3882 278 3954 erit
293 3880 570 3956 demonstratio.

121 3993 165 4066 A.
190 3995 284 4084 Erit,
307 3993 417 4068 modo
438 3995 518 4091 ipsa
540 3995 659 4091 passio
687 3995 799 4069 fuerit
826 3996 927 4092 prius
954 3996 1105 4070 demon-

23 4124 26 4177 i
84 4115 194 4180 anta.

125 4216 169 4292 B.
194 4220 455 4293 Demonstrata
471 4231 528 4292 est
549 4220 678 4316 Capite
694 4221 821 4310 xxxiii,
846 4245 914 4317 per
939 4220 1106 4318 proposi·

86 4325 206 4406 honam
228 4340 271 4406 16
299 4332 415 4405 Elem.
433 4333 481 4405 vi.
508 4333 683 4422 Euclidis,
713 4357 858 4429 nempe,
889 4334 924 4405 ai
952 4340 1108 4429 quatuor

89 4448 298 4533 quanam
308 4444 464 4542 fuerint
472 4445 787 4546 proportionales,
798 4447 955 4544 factam
973 4442 1021 4515 ab
1046 4468 1107 4516 ea·

169 4580 262 4635 VOL.
277 4581 336 4635 lv,
984 4580 1007 4633 Ι,
