2618 5092
214 640 289 707 512
492 654 782 717 connutritus
799 652 1001 723 circumc

11 856 43 899 m
54 852 201 897 noant.
214 820 316 919 quod
339 832 426 896 ante
451 844 528 895 nou
551 820 663 895 modo
679 820 870 897 conferens
892 832 991 911 eret,
1007 818 1080 897 red
1096 818 1208 895 cuam
1226 820 1261 895 iu

26 924 173 961 ’Ψ
213 934 483 1030 objectionibus
493 934 570 1009 suis
579 934 802 1032 adquiutnm
810 932 1264 1033 propositionemdemom

214 1056 417 1121 straverat:
443 1046 631 1137 nimirum,
656 1046 720 1135 Zc,
744 1046 812 1137 ltL,
828 1045 884 1137 eh,
905 1058 946 1123 et
969 1046 1135 1145 proinde
1157 1047 1260 1123 etiam

214 1158 284 1247 Ac,
309 1160 386 1249 AL,
413 1158 482 1249 Ab,
507 1183 588 1233 esse
613 1160 790 1235 continue
813 1160 1133 1259 proportionales.
1181 1160 1259 1235 Nou

213 1272 341 1369 potuit
364 1272 464 1346 enim
486 1295 563 1346 uon
578 1272 944 1369 vidercquadratum
960 1274 1010 1347 ab
1029 1274 1110 1363 An,
1127 1272 1203 1347 sire
1216 1274 1257 1347 eb

215 1384 294 1475 ΑΟ,
315 1384 365 1459 ad
381 1384 603 1481 quadratum
615 1386 669 1459 ab
686 1384 755 1459 AY
771 1386 849 1461 aive
865 1384 936 1475 Ab,
953 1408 1037 1461 esse
1054 1398 1101 1461 ut
1117 1394 1141 1459 5
1157 1384 1205 1460 ad
1218 1396 1257 1461 ⁴:

213 1510 254 1573 ει
270 1522 339 1596 per
354 1520 594 1595 consequens,
607 1497 828 1595 quadratum
845 1499 892 1572 ab
906 1500 963 1573 Ac
978 1498 1029 1573 ad
1042 1498 1256 1595 quadratum

214 1612 264 1687 ab
280 1612 443 1686 ALesse
467 1611 580 1685 etiam
596 1625 640 1685 ut
657 1620 679 1684 5
697 1611 746 1685 ed
762 1622 809 1685 4:
834 1612 993 1709 ideoque
1010 1612 1095 1701 ΑΟ,
1113 1612 1256 1687 Aceste

215 1724 397 1821 Quales:
422 1746 469 1799 cx
492 1746 538 1797 eo
554 1736 680 1799 autem
698 1724 800 1821 quod
817 1724 1041 1821 quadratum
1057 1725 1111 1799 Zc
1126 1724 1256 1823 aequale

215 1849 274 1911 est
296 1844 341 1911 lt)
357 1836 625 1911 decimiesextis
641 1836 813 1935 quadrati
829 1836 909 1927 GC,
922 1836 1031 1935 sequi
1049 1838 1172 1935 (quod
1185 1838 1255 1911 abs·

214 1972 288 2047 que
312 1973 358 2023 co
381 1948 617 2025 manifestum
633 1950 706 2044 est)
734 1950 957 2047 quadratum
983 1950 1032 2024 ab
1049 1950 1109 2025 lrL
1124 1950 1255 2049 aeqmlc

215 2085 296 2136 esse
313 2072 339 2137 ⁸
355 2061 633 2153 decimisscxtis,
650 2062 727 2137 sive
744 2062 909 2152 dimidio,
928 2062 1104 2161 quadrati
1128 2088 1153 2137 a
1175 2063 1254 2139 GC:

215 2188 255 2249 et
280 2198 348 2273 per
373 2174 604 2273 consequeus
621 2175 733 2250 ctiam
750 2172 821 2265 Ah,
839 2176 907 2265 Ac,
925 2174 1009 2263 Am,
1027 2176 1100 2266 Ale,
1117 2188 1157 2251 et
1170 2200 1254 2275 pra

215 2302 319 2364 terea
328 2288 407 2378 AC,
418 2288 494 2378 ΑΖ,
509 2290 576 2375 Ae,
590 2288 659 2378 Ale,
673 2312 754 2363 esse
767 2288 944 2363 continue
956 2290 1253 2386 proportionales.

217 2402 312 2477 Quae
330 2415 388 2477 est
406 2402 609 2501 duplicatio
627 2402 711 2475 cubi
729 2426 773 2475 ex
793 2402 907 2499 ipsius
934 2402 1159 2478 Professoris
1176 2429 1254 2478 con-

215 2540 339 2589 cessis.

266 2630 341 2703 Sed
366 2628 495 2702 eadem
522 2652 649 2701 rursus
676 2628 992 2703 demonstratione
1019 2653 1088 2703 sua
1113 2632 1253 2705 evertit:

214 2744 319 2839 cujus
337 2742 523 2816 sententia
539 2742 621 2815 haec
639 2752 705 2815 est.
742 2743 782 2817 si
799 2742 863 2817 GC
880 2742 1000 2817 divisa
1019 2744 1069 2818 sit
1088 2745 1256 2841 quinque·

214 2856 359 2943 fariam,
376 2856 597 2955 quadratum
622 2857 737 2930 totius
754 2857 825 2930 erit
845 2856 989 2953 aequale
1008 2865 1057 2930 25
1076 2858 1256 2954 quadratis

214 2984 361 3067 aparte
379 2994 446 3042 sua
463 2969 605 3064 quinta.
657 2969 706 3042 Et
722 2969 810 3066 quia
834 2983 939 3042 recta
955 2970 1033 3059 ΑΖ,
1052 2970 1111 3044 vel
1130 2971 1190 3059 Ze,
1207 2984 1259 3043 est

214 3083 234 3176 ζ-
252 3097 363 3157 rcctae
377 3083 458 3157 GC:
471 3082 692 3179 quadratum
705 3107 729 3157 a
740 3083 792 3156 Zc
804 3083 945 3179 aequale
959 3084 1032 3157 crit
1052 3080 1075 3175 ξ
1094 3084 1259 3183 quadrati

215 3223 239 3271 a
256 3197 331 3271 GC.
384 3194 458 3270 Sed
473 3193 502 3288 ’ξ
522 3197 639 3291 majus
653 3207 709 3269 cst
726 3220 836 3292 quam
858 3193 899 3287 ξ’.

265 3311 364 3384 Vera
380 3310 461 3383 haec
475 3333 553 3382 csse
566 3332 740 3405 agnosco,
755 3320 792 3381 ει
810 3308 1033 3404 quadratum
1052 3310 1125 3384 hoc
1138 3334 1255 3385 nume·

214 3425 333 3497 ticum
356 3446 435 3495 esse
466 3432 514 3495 25
544 3445 701 3517 quorum
728 3420 950 3518 quadratum
979 3422 1031 3495 Zc
1059 3437 1120 3497 est
1146 3433 1201 3513 16,
1223 3436 1257 3497 ει

214 3536 360 3631 singula
378 3534 552 3608 distincta
565 3560 586 3607 a
601 3535 671 3607 sibi
684 3536 873 3632 proximis,
887 3537 1006 3609 tribus
1024 3536 1257 3635 longitudini-

213 3650 283 3721 bus
310 3649 389 3721 sine
415 3647 624 3737 latitudine,
651 3672 806 3746 quarum
836 3650 917 3746 (per
942 3649 1153 3744 Euclidem)
1182 3652 1258 3725 duae

214 3772 303 3835 sunt
328 3761 492 3858 ipsorum
519 3759 784 3858 quadratorum
810 3763 1074 3859 contiguorum
1104 3767 1256 3855 termini,

214 3876 325 3951 tertia
342 3888 401 3948 est
424 3874 521 3947 inter
545 3874 627 3947 illos
648 3875 825 3949 terminos
850 3876 985 3950 media.
1037 3879 1162 3975 Atque
1186 3880 1258 3953 hoc

212 4015 236 4063 a
260 4001 533 4086 geometrarum
562 3988 752 4084 principiis
777 4012 864 4063 vere
889 3988 1120 4083 derivantur,
1147 4017 1257 4089 quau-

214 4126 327 4199 quam
352 4101 534 4199 aliquibus
559 4100 716 4175 fortusse
741 4102 868 4199 inepta
892 4102 1134 4179 videbuntur.
1189 4103 1257 4179 Sed

213 4217 548 4315 quomodocunque
573 4215 815 4311 accipiantur,
841 4217 1024 4291 rationem
1049 4219 1258 4293 continuam

214 4344 397 4405 rectarum
423 4329 683 4427 praedictarum
701 4330 778 4419 Ae,
797 4328 877 4419 AY,
896 4329 972 4418 AZ,
989 4342 1076 4421 etc,
1095 4355 1171 4405 non
1192 4329 1255 4404 tol-

213 4444 313 4517 lunt:
339 4457 379 4517 ct
391 4467 458 4540 per
472 4465 712 4538 consequens,
727 4466 844 4540 neque
860 4441 1151 4538 duplicationem
1166 4445 1257 4531 cubi,

214 4580 297 4652 quae
316 4559 391 4632 suis
410 4567 485 4633 stat
501 4557 707 4653 principiis:
735 4581 854 4655 neque
872 4556 1080 4654 impediunt
1098 4561 1187 4659 quin
1203 4557 1254 4643 Gi,
