<?xml version="1.0" encoding="UTF-8"?>
<!DOCTYPE html PUBLIC "-//W3C//DTD XHTML 1.0 Transitional//EN"
    "http://www.w3.org/TR/xhtml1/DTD/xhtml1-transitional.dtd">
<html xmlns="http://www.w3.org/1999/xhtml" xml:lang="en" lang="en">
 <head>
  <title>
</title>
<meta http-equiv="Content-Type" content="text/html;charset=utf-8" />
  <meta name='ocr-system' content='tesseract 3.04.00' />
  <meta name='ocr-capabilities' content='ocr_page ocr_carea ocr_par ocr_line ocrx_word'/>
</head>
<body>
  <div class='ocr_page' id='page_1' title='image "./thomhobbesmalme03hobbgoog_0100.png"; bbox 0 0 2618 5092; ppageno 0'>
   <div class='ocr_carea' id='block_1_1' title="bbox 283 684 1094 750">
    <p class='ocr_par' dir='ltr' id='par_1_1' title="bbox 283 684 1094 750">
     <span class='ocr_line' id='line_1_1' title="bbox 283 684 1094 750; baseline 0.006 -6"><span class='ocrx_word' id='word_1_1' title='bbox 283 692 606 748; x_wconf 70' lang='lat' dir='ltr'><strong>sturnurtfflcu</strong></span> <span class='ocrx_word' id='word_1_2' title='bbox 627 695 870 748; x_wconf 78' lang='lat' dir='ltr'>RODIERNAE.</span> <span class='ocrx_word' id='word_1_3' title='bbox 1048 684 1094 750; x_wconf 82' lang='lat'><strong>85</strong></span> 
     </span>
    </p>
   </div>
   <div class='ocr_carea' id='block_1_2' title="bbox 41 855 1284 4572">
    <p class='ocr_par' dir='ltr' id='par_1_2' title="bbox 49 855 1284 1182">
     <span class='ocr_line' id='line_1_2' title="bbox 49 855 1284 956; baseline 0.008 -29"><span class='ocrx_word' id='word_1_4' title='bbox 49 857 151 952; x_wconf 70' lang='lat' dir='ltr'><strong>major</strong></span> <span class='ocrx_word' id='word_1_5' title='bbox 167 855 352 947; x_wconf 73' lang='lat' dir='ltr'><strong>minoris,</strong></span> <span class='ocrx_word' id='word_1_6' title='bbox 374 882 456 932; x_wconf 80' lang='lat' dir='ltr'><strong>cum</strong></span> <span class='ocrx_word' id='word_1_7' title='bbox 480 861 657 956; x_wconf 82' lang='lat' dir='ltr'><strong>majorem</strong></span> <span class='ocrx_word' id='word_1_8' title='bbox 684 861 836 934; x_wconf 79' lang='lat' dir='ltr'><strong>metitur</strong></span> <span class='ocrx_word' id='word_1_9' title='bbox 852 860 980 951; x_wconf 79' lang='lat' dir='ltr'><strong>minor,</strong></span> <span class='ocrx_word' id='word_1_10' title='bbox 998 887 1094 937; x_wconf 85' lang='lat' dir='ltr'><strong>anne</strong></span> <span class='ocrx_word' id='word_1_11' title='bbox 1133 892 1284 937; x_wconf 68' lang='lat' dir='ltr'><strong>nitrosos</strong></span> 
     </span>
     <span class='ocr_line' id='line_1_3' title="bbox 49 968 1277 1081; baseline 0.007 -40"><span class='ocrx_word' id='word_1_12' title='bbox 49 968 277 1065; x_wconf 88' lang='lat' dir='ltr'><strong>distinguunt</strong></span> <span class='ocrx_word' id='word_1_13' title='bbox 308 969 412 1044; x_wconf 89' lang='lat' dir='ltr'><strong>iuter</strong></span> <span class='ocrx_word' id='word_1_14' title='bbox 436 970 641 1070; x_wconf 74' lang='lat' dir='ltr'><em>multiplex,</em></span> <span class='ocrx_word' id='word_1_15' title='bbox 662 972 777 1070; x_wconf 88' lang='lat' dir='ltr'><strong>(quod</strong></span> <span class='ocrx_word' id='word_1_16' title='bbox 795 984 852 1046; x_wconf 89' lang='lat' dir='ltr'><strong>est</strong></span> <span class='ocrx_word' id='word_1_17' title='bbox 869 973 1094 1074; x_wconf 80' lang='lat' dir='ltr'><strong>multiplica·</strong></span> <span class='ocrx_word' id='word_1_18' title='bbox 1134 975 1277 1081; x_wconf 36' lang='lat'><strong>*¹¹4</strong></span> 
     </span>
     <span class='ocr_line' id='line_1_4' title="bbox 50 1081 482 1182; baseline 0.009 -28"><span class='ocrx_word' id='word_1_19' title='bbox 50 1086 149 1176; x_wconf 73' lang='lat' dir='ltr'><strong>terr),</strong></span> <span class='ocrx_word' id='word_1_20' title='bbox 165 1094 207 1155; x_wconf 90' lang='lat' dir='ltr'><strong>et</strong></span> <span class='ocrx_word' id='word_1_21' title='bbox 224 1081 482 1182; x_wconf 70' lang='lat' dir='ltr'><em>multiplum?</em></span> 
     </span>
    </p>

    <p class='ocr_par' dir='ltr' id='par_1_3' title="bbox 50 1194 1093 1511">
     <span class='ocr_line' id='line_1_5' title="bbox 90 1194 1093 1296; baseline 0.009 -29"><span class='ocrx_word' id='word_1_22' title='bbox 90 1195 137 1267; x_wconf 98' lang='grc' dir='ltr'><strong>Β.</strong></span> <span class='ocrx_word' id='word_1_23' title='bbox 162 1195 256 1268; x_wconf 87' lang='lat' dir='ltr'><strong>Non</strong></span> <span class='ocrx_word' id='word_1_24' title='bbox 291 1208 399 1269; x_wconf 87' lang='lat' dir='ltr'><strong>certe</strong></span> <span class='ocrx_word' id='word_1_25' title='bbox 432 1197 502 1269; x_wconf 91' lang='lat' dir='ltr'><strong>hoc</strong></span> <span class='ocrx_word' id='word_1_26' title='bbox 535 1194 645 1279; x_wconf 91' lang='lat' dir='ltr'><strong>loco;</strong></span> <span class='ocrx_word' id='word_1_27' title='bbox 681 1220 801 1296; x_wconf 90' lang='lat' dir='ltr'><strong>neque</strong></span> <span class='ocrx_word' id='word_1_28' title='bbox 836 1198 955 1272; x_wconf 85' lang='lat' dir='ltr'><strong>Graeci</strong></span> <span class='ocrx_word' id='word_1_29' title='bbox 995 1200 1093 1275; x_wconf 85' lang='lat' dir='ltr'><strong>inter</strong></span> 
     </span>
     <span class='ocr_line' id='line_1_6' title="bbox 50 1308 1091 1400; baseline 0.006 -22"><span class='ocrx_word' id='word_1_30' title='bbox 50 1321 186 1381; x_wconf 67' lang='lat' dir='ltr'><strong>latim</strong></span> <span class='ocrx_word' id='word_1_31' title='bbox 216 1320 257 1381; x_wconf 91' lang='lat' dir='ltr'><strong>et</strong></span> <span class='ocrx_word' id='word_1_32' title='bbox 287 1320 467 1380; x_wconf 61' lang='grc' dir='ltr'><strong>διπλασίονα.</strong></span> <span class='ocrx_word' id='word_1_33' title='bbox 518 1308 617 1381; x_wconf 85' lang='lat' dir='ltr'><strong>Nam</strong></span> <span class='ocrx_word' id='word_1_34' title='bbox 642 1308 674 1381; x_wconf 90' lang='lat' dir='ltr'><strong>si</strong></span> <span class='ocrx_word' id='word_1_35' title='bbox 690 1309 874 1400; x_wconf 85' lang='lat' dir='ltr'><strong>fecissent,</strong></span> <span class='ocrx_word' id='word_1_36' title='bbox 893 1335 968 1384; x_wconf 89' lang='lat' dir='ltr'><strong>non</strong></span> <span class='ocrx_word' id='word_1_37' title='bbox 985 1331 1091 1384; x_wconf 70' lang='grc' dir='ltr'>πολλα-</span> 
     </span>
     <span class='ocr_line' id='line_1_7' title="bbox 50 1420 876 1511; baseline 0.004 -21"><span class='ocrx_word' id='word_1_38' title='bbox 50 1433 158 1492; x_wconf 67' lang='grc' dir='ltr'><strong>πλάσιον</strong></span> <span class='ocrx_word' id='word_1_39' title='bbox 175 1421 337 1495; x_wconf 70' lang='lat' dir='ltr'><strong>(lleSSOt</strong></span> <span class='ocrx_word' id='word_1_40' title='bbox 352 1420 534 1511; x_wconf 72' lang='lat' dir='ltr'><strong>Euclides,</strong></span> <span class='ocrx_word' id='word_1_41' title='bbox 552 1421 618 1494; x_wconf 75' lang='lat' dir='ltr'><strong>sed</strong></span> <span class='ocrx_word' id='word_1_42' title='bbox 634 1438 876 1494; x_wconf 79' lang='grc' dir='ltr'>πολλαπλασίονα.</span> 
     </span>
    </p>

    <p class='ocr_par' dir='ltr' id='par_1_4' title="bbox 95 1532 655 1608">
     <span class='ocr_line' id='line_1_8' title="bbox 95 1532 655 1608; baseline 0.002 -2"><span class='ocrx_word' id='word_1_43' title='bbox 95 1532 141 1607; x_wconf 85' lang='grc' dir='ltr'><strong>Α.</strong></span> <span class='ocrx_word' id='word_1_44' title='bbox 168 1534 320 1608; x_wconf 83' lang='lat' dir='ltr'><strong>Caetera</strong></span> <span class='ocrx_word' id='word_1_45' title='bbox 337 1533 432 1607; x_wconf 89' lang='lat' dir='ltr'><strong>bene</strong></span> <span class='ocrx_word' id='word_1_46' title='bbox 450 1558 489 1608; x_wconf 86' lang='lat' dir='ltr'><strong>se</strong></span> <span class='ocrx_word' id='word_1_47' title='bbox 506 1535 655 1607; x_wconf 88' lang='lat' dir='ltr'><strong>habent.</strong></span> 
     </span>
    </p>

    <p class='ocr_par' dir='ltr' id='par_1_5' title="bbox 53 1644 1089 1835">
     <span class='ocr_line' id='line_1_9' title="bbox 99 1644 1089 1743; baseline 0.008 -27"><span class='ocrx_word' id='word_1_48' title='bbox 99 1644 139 1718; x_wconf 90' lang='lat' dir='ltr'><strong>B.</strong></span> <span class='ocrx_word' id='word_1_49' title='bbox 167 1647 420 1721; x_wconf 81' lang='lat' dir='ltr'><strong>Transeamus</strong></span> <span class='ocrx_word' id='word_1_50' title='bbox 450 1671 539 1743; x_wconf 89' lang='lat' dir='ltr'><strong>ergo</strong></span> <span class='ocrx_word' id='word_1_51' title='bbox 567 1646 616 1720; x_wconf 87' lang='lat' dir='ltr'><strong>ad</strong></span> <span class='ocrx_word' id='word_1_52' title='bbox 644 1646 876 1721; x_wconf 86' lang='lat' dir='ltr'><strong>definitiones</strong></span> <span class='ocrx_word' id='word_1_53' title='bbox 906 1649 1089 1724; x_wconf 85' lang='lat' dir='ltr'><strong>Elementi</strong></span> 
     </span>
     <span class='ocr_line' id='line_1_10' title="bbox 53 1757 186 1835; baseline 0.03 -4"><span class='ocrx_word' id='word_1_54' title='bbox 53 1757 186 1835; x_wconf 84' lang='lat' dir='ltr'><strong>decimi.</strong></span> 
     </span>
    </p>

    <p class='ocr_par' dir='ltr' id='par_1_6' title="bbox 95 1873 765 1949">
     <span class='ocr_line' id='line_1_11' title="bbox 95 1873 765 1949; baseline -0.003 -1"><span class='ocrx_word' id='word_1_55' title='bbox 95 1874 142 1948; x_wconf 85' lang='grc' dir='ltr'><strong>Α.</strong></span> <span class='ocrx_word' id='word_1_56' title='bbox 168 1874 263 1948; x_wconf 88' lang='lat' dir='ltr'><strong>Sunt</strong></span> <span class='ocrx_word' id='word_1_57' title='bbox 279 1885 322 1949; x_wconf 94' lang='lat' dir='ltr'><strong>et</strong></span> <span class='ocrx_word' id='word_1_58' title='bbox 338 1873 413 1948; x_wconf 84' lang='lat' dir='ltr'><strong>illae</strong></span> <span class='ocrx_word' id='word_1_59' title='bbox 429 1885 610 1948; x_wconf 85' lang='lat' dir='ltr'><strong>accuratae</strong></span> <span class='ocrx_word' id='word_1_60' title='bbox 626 1896 765 1947; x_wconf 89' lang='lat' dir='ltr'><strong>omnes.</strong></span> 
     </span>
    </p>

    <p class='ocr_par' dir='ltr' id='par_1_7' title="bbox 48 1986 1089 3324">
     <span class='ocr_line' id='line_1_12' title="bbox 93 1986 1088 2086; baseline -0.001 -25"><span class='ocrx_word' id='word_1_61' title='bbox 93 1988 140 2061; x_wconf 94' lang='grc' dir='ltr'><strong>Β.</strong></span> <span class='ocrx_word' id='word_1_62' title='bbox 165 1988 383 2086; x_wconf 85' lang='lat' dir='ltr'><strong>Antequam</strong></span> <span class='ocrx_word' id='word_1_63' title='bbox 398 1989 645 2085; x_wconf 86' lang='lat' dir='ltr'><strong>progrediare‚</strong></span> <span class='ocrx_word' id='word_1_64' title='bbox 664 1987 773 2061; x_wconf 89' lang='lat' dir='ltr'><strong>velim</strong></span> <span class='ocrx_word' id='word_1_65' title='bbox 791 1987 891 2061; x_wconf 84' lang='lat' dir='ltr'><strong>dicas</strong></span> <span class='ocrx_word' id='word_1_66' title='bbox 908 1986 998 2060; x_wconf 89' lang='lat' dir='ltr'><strong>mihi</strong></span> <span class='ocrx_word' id='word_1_67' title='bbox 1016 2011 1088 2083; x_wconf 91' lang='lat' dir='ltr'><strong>quo</strong></span> 
     </span>
     <span class='ocr_line' id='line_1_13' title="bbox 54 2097 1089 2190; baseline -0.001 -17"><span class='ocrx_word' id='word_1_68' title='bbox 54 2097 125 2190; x_wconf 85' lang='lat' dir='ltr'><strong>fine,</strong></span> <span class='ocrx_word' id='word_1_69' title='bbox 142 2101 218 2175; x_wconf 86' lang='lat' dir='ltr'><strong>sire</strong></span> <span class='ocrx_word' id='word_1_70' title='bbox 246 2102 310 2175; x_wconf 87' lang='lat' dir='ltr'><strong>cui</strong></span> <span class='ocrx_word' id='word_1_71' title='bbox 334 2100 433 2174; x_wconf 92' lang='lat' dir='ltr'><strong>bono</strong></span> <span class='ocrx_word' id='word_1_72' title='bbox 462 2100 632 2175; x_wconf 87' lang='lat' dir='ltr'>Euclides</span> <span class='ocrx_word' id='word_1_73' title='bbox 661 2102 892 2174; x_wconf 80' lang='lat' dir='ltr'><strong>theoremata</strong></span> <span class='ocrx_word' id='word_1_74' title='bbox 916 2100 978 2172; x_wconf 90' lang='lat' dir='ltr'><strong>illa</strong></span> <span class='ocrx_word' id='word_1_75' title='bbox 1004 2099 1089 2172; x_wconf 89' lang='lat' dir='ltr'><strong>Ele-</strong></span> 
     </span>
     <span class='ocr_line' id='line_1_14' title="bbox 54 2212 1089 2288; baseline 0.001 -4"><span class='ocrx_word' id='word_1_76' title='bbox 54 2215 156 2287; x_wconf 89' lang='lat' dir='ltr'><strong>nenti</strong></span> <span class='ocrx_word' id='word_1_77' title='bbox 166 2214 303 2288; x_wconf 89' lang='lat' dir='ltr'><strong>decimi</strong></span> <span class='ocrx_word' id='word_1_78' title='bbox 318 2212 531 2288; x_wconf 83' lang='lat' dir='ltr'><strong>difficillima</strong></span> <span class='ocrx_word' id='word_1_79' title='bbox 544 2214 651 2288; x_wconf 90' lang='lat' dir='ltr'><strong>nohis</strong></span> <span class='ocrx_word' id='word_1_80' title='bbox 664 2212 939 2286; x_wconf 88' lang='lat' dir='ltr'><strong>demonstravit.</strong></span> <span class='ocrx_word' id='word_1_81' title='bbox 973 2212 1089 2286; x_wconf 81' lang='lat' dir='ltr'><strong>Caete-</strong></span> 
     </span>
     <span class='ocr_line' id='line_1_15' title="bbox 54 2325 1086 2424; baseline -0.002 -24"><span class='ocrx_word' id='word_1_82' title='bbox 54 2349 102 2400; x_wconf 82' lang='lat' dir='ltr'><strong>rm</strong></span> <span class='ocrx_word' id='word_1_83' title='bbox 118 2327 216 2401; x_wconf 91' lang='lat' dir='ltr'><strong>enim</strong></span> <span class='ocrx_word' id='word_1_84' title='bbox 232 2326 451 2424; x_wconf 85' lang='lat' dir='ltr'><strong>geometriae</strong></span> <span class='ocrx_word' id='word_1_85' title='bbox 477 2338 600 2423; x_wconf 87' lang='lat' dir='ltr'><strong>partes</strong></span> <span class='ocrx_word' id='word_1_86' title='bbox 628 2350 754 2399; x_wconf 89' lang='lat' dir='ltr'><strong>omnes</strong></span> <span class='ocrx_word' id='word_1_87' title='bbox 777 2325 860 2398; x_wconf 90' lang='lat' dir='ltr'><strong>usui</strong></span> <span class='ocrx_word' id='word_1_88' title='bbox 884 2349 962 2399; x_wconf 89' lang='lat' dir='ltr'><strong>esse</strong></span> <span class='ocrx_word' id='word_1_89' title='bbox 978 2325 1086 2398; x_wconf 89' lang='lat' dir='ltr'><strong>video</strong></span> 
     </span>
     <span class='ocr_line' id='line_1_16' title="bbox 54 2438 1088 2529; baseline -0.001 -17"><span class='ocrx_word' id='word_1_90' title='bbox 54 2441 287 2515; x_wconf 89' lang='lat' dir='ltr'><strong>incommuui</strong></span> <span class='ocrx_word' id='word_1_91' title='bbox 304 2440 393 2529; x_wconf 83' lang='lat' dir='ltr'><strong>rita,</strong></span> <span class='ocrx_word' id='word_1_92' title='bbox 409 2451 476 2513; x_wconf 87' lang='lat' dir='ltr'><strong>aut</strong></span> <span class='ocrx_word' id='word_1_93' title='bbox 502 2440 550 2513; x_wconf 90' lang='lat' dir='ltr'><strong>ad</strong></span> <span class='ocrx_word' id='word_1_94' title='bbox 578 2439 847 2528; x_wconf 76' lang='lat' dir='ltr'><strong>aedificandum,</strong></span> <span class='ocrx_word' id='word_1_95' title='bbox 865 2451 929 2512; x_wconf 90' lang='lat' dir='ltr'><strong>aut</strong></span> <span class='ocrx_word' id='word_1_96' title='bbox 950 2438 999 2512; x_wconf 85' lang='lat' dir='ltr'><strong>ad</strong></span> <span class='ocrx_word' id='word_1_97' title='bbox 1023 2463 1088 2511; x_wconf 89' lang='lat' dir='ltr'><strong>na-</strong></span> 
     </span>
     <span class='ocr_line' id='line_1_17' title="bbox 54 2552 1086 2651; baseline -0.004 -23"><span class='ocrx_word' id='word_1_98' title='bbox 54 2553 255 2651; x_wconf 79' lang='lat' dir='ltr'><strong>vigandum,</strong></span> <span class='ocrx_word' id='word_1_99' title='bbox 296 2564 363 2626; x_wconf 88' lang='lat' dir='ltr'><strong>aut</strong></span> <span class='ocrx_word' id='word_1_100' title='bbox 398 2553 447 2626; x_wconf 92' lang='lat' dir='ltr'><strong>ad</strong></span> <span class='ocrx_word' id='word_1_101' title='bbox 486 2553 684 2643; x_wconf 86' lang='lat' dir='ltr'><strong>machinas,</strong></span> <span class='ocrx_word' id='word_1_102' title='bbox 718 2564 784 2626; x_wconf 89' lang='lat' dir='ltr'><strong>aut</strong></span> <span class='ocrx_word' id='word_1_103' title='bbox 824 2553 873 2626; x_wconf 86' lang='lat' dir='ltr'><strong>ad</strong></span> <span class='ocrx_word' id='word_1_104' title='bbox 906 2552 1086 2626; x_wconf 85' lang='lat' dir='ltr'><strong>calculum</strong></span> 
     </span>
     <span class='ocr_line' id='line_1_18' title="bbox 53 2665 1086 2765; baseline -0.001 -25"><span class='ocrx_word' id='word_1_105' title='bbox 53 2669 230 2765; x_wconf 85' lang='lat' dir='ltr'><strong>temporis,</strong></span> <span class='ocrx_word' id='word_1_106' title='bbox 260 2678 327 2740; x_wconf 87' lang='lat' dir='ltr'><strong>aut</strong></span> <span class='ocrx_word' id='word_1_107' title='bbox 356 2665 404 2740; x_wconf 85' lang='lat' dir='ltr'><strong>ad</strong></span> <span class='ocrx_word' id='word_1_108' title='bbox 432 2667 625 2763; x_wconf 88' lang='lat' dir='ltr'><strong>picturam,</strong></span> <span class='ocrx_word' id='word_1_109' title='bbox 655 2679 721 2740; x_wconf 88' lang='lat' dir='ltr'><strong>aut</strong></span> <span class='ocrx_word' id='word_1_110' title='bbox 749 2666 798 2739; x_wconf 87' lang='lat' dir='ltr'><strong>ad</strong></span> <span class='ocrx_word' id='word_1_111' title='bbox 819 2665 1086 2762; x_wconf 86' lang='lat' dir='ltr'><strong>philosophiam</strong></span> 
     </span>
     <span class='ocr_line' id='line_1_19' title="bbox 52 2778 1086 2876; baseline 0.001 -24"><span class='ocrx_word' id='word_1_112' title='bbox 52 2781 262 2869; x_wconf 86' lang='lat' dir='ltr'><strong>naturalem,</strong></span> <span class='ocrx_word' id='word_1_113' title='bbox 280 2792 345 2852; x_wconf 89' lang='lat' dir='ltr'><strong>aut</strong></span> <span class='ocrx_word' id='word_1_114' title='bbox 370 2778 528 2876; x_wconf 89' lang='lat' dir='ltr'><strong>denique</strong></span> <span class='ocrx_word' id='word_1_115' title='bbox 555 2779 603 2852; x_wconf 90' lang='lat' dir='ltr'><strong>ad</strong></span> <span class='ocrx_word' id='word_1_116' title='bbox 632 2778 782 2876; x_wconf 87' lang='lat' dir='ltr'><strong>aliquid.</strong></span> <span class='ocrx_word' id='word_1_117' title='bbox 834 2778 904 2852; x_wconf 85' lang='lat' dir='ltr'><strong>Cui</strong></span> <span class='ocrx_word' id='word_1_118' title='bbox 919 2803 1006 2852; x_wconf 87' lang='lat' dir='ltr'><strong>vero</strong></span> <span class='ocrx_word' id='word_1_119' title='bbox 1033 2779 1086 2853; x_wconf 87' lang='lat' dir='ltr'><strong>rei</strong></span> 
     </span>
     <span class='ocr_line' id='line_1_20' title="bbox 51 2891 1086 2989; baseline 0 -23"><span class='ocrx_word' id='word_1_120' title='bbox 51 2892 221 2968; x_wconf 87' lang='lat' dir='ltr'><strong>linearum</strong></span> <span class='ocrx_word' id='word_1_121' title='bbox 239 2894 321 2966; x_wconf 89' lang='lat' dir='ltr'><strong>haec</strong></span> <span class='ocrx_word' id='word_1_122' title='bbox 338 2891 606 2965; x_wconf 87' lang='lat' dir='ltr'><strong>irrationalium</strong></span> <span class='ocrx_word' id='word_1_123' title='bbox 618 2892 779 2989; x_wconf 85' lang='lat' dir='ltr'><strong>cognitio</strong></span> <span class='ocrx_word' id='word_1_124' title='bbox 796 2892 982 2982; x_wconf 85' lang='lat' dir='ltr'><strong>inserviat,</strong></span> <span class='ocrx_word' id='word_1_125' title='bbox 994 2917 1086 2966; x_wconf 91' lang='lat' dir='ltr'><strong>non·</strong></span> 
     </span>
     <span class='ocr_line' id='line_1_21' title="bbox 50 3003 1083 3103; baseline 0.001 -26"><span class='ocrx_word' id='word_1_126' title='bbox 50 3003 127 3080; x_wconf 91' lang='lat' dir='ltr'><strong>dum</strong></span> <span class='ocrx_word' id='word_1_127' title='bbox 139 3031 271 3082; x_wconf 87' lang='lat' dir='ltr'><strong>cerno.</strong></span> <span class='ocrx_word' id='word_1_128' title='bbox 324 3004 408 3079; x_wconf 90' lang='lat' dir='ltr'><strong>Scio</strong></span> <span class='ocrx_word' id='word_1_129' title='bbox 423 3029 505 3101; x_wconf 84' lang='lat' dir='ltr'><strong>quae</strong></span> <span class='ocrx_word' id='word_1_130' title='bbox 520 3006 675 3103; x_wconf 88' lang='lat' dir='ltr'><strong>pulchra</strong></span> <span class='ocrx_word' id='word_1_131' title='bbox 692 3016 789 3090; x_wconf 90' lang='lat' dir='ltr'><strong>sunt,</strong></span> <span class='ocrx_word' id='word_1_132' title='bbox 808 3003 968 3078; x_wconf 87' lang='lat' dir='ltr'><strong>difficilia</strong></span> <span class='ocrx_word' id='word_1_133' title='bbox 981 3029 1083 3088; x_wconf 82' lang='lat' dir='ltr'><strong>esse;</strong></span> 
     </span>
     <span class='ocr_line' id='line_1_22' title="bbox 48 3117 1084 3214; baseline -0.001 -21"><span class='ocrx_word' id='word_1_134' title='bbox 48 3119 105 3193; x_wconf 78' lang='lat' dir='ltr'><strong>sed</strong></span> <span class='ocrx_word' id='word_1_135' title='bbox 128 3132 173 3193; x_wconf 87' lang='lat' dir='ltr'><strong>ut</strong></span> <span class='ocrx_word' id='word_1_136' title='bbox 189 3117 365 3208; x_wconf 87' lang='lat' dir='ltr'><strong>vicissim,</strong></span> <span class='ocrx_word' id='word_1_137' title='bbox 383 3141 467 3214; x_wconf 83' lang='lat' dir='ltr'><strong>quae</strong></span> <span class='ocrx_word' id='word_1_138' title='bbox 494 3118 655 3192; x_wconf 87' lang='lat' dir='ltr'><strong>difficilia</strong></span> <span class='ocrx_word' id='word_1_139' title='bbox 681 3130 779 3206; x_wconf 87' lang='lat' dir='ltr'><strong>sunt,</strong></span> <span class='ocrx_word' id='word_1_140' title='bbox 796 3117 908 3190; x_wconf 85' lang='lat' dir='ltr'><strong>etiam</strong></span> <span class='ocrx_word' id='word_1_141' title='bbox 929 3118 1084 3214; x_wconf 87' lang='lat' dir='ltr'><strong>pulchra</strong></span> 
     </span>
     <span class='ocr_line' id='line_1_23' title="bbox 48 3233 473 3324; baseline -0.002 -18"><span class='ocrx_word' id='word_1_142' title='bbox 48 3233 125 3324; x_wconf 88' lang='lat' dir='ltr'><strong>sint,</strong></span> <span class='ocrx_word' id='word_1_143' title='bbox 141 3255 296 3308; x_wconf 80' lang='lat' dir='ltr'><strong>neccsse</strong></span> <span class='ocrx_word' id='word_1_144' title='bbox 313 3256 388 3305; x_wconf 92' lang='lat' dir='ltr'><strong>non</strong></span> <span class='ocrx_word' id='word_1_145' title='bbox 405 3244 473 3306; x_wconf 88' lang='lat' dir='ltr'><strong>est.</strong></span> 
     </span>
    </p>

    <p class='ocr_par' dir='ltr' id='par_1_8' title="bbox 41 3343 1082 4463">
     <span class='ocr_line' id='line_1_24' title="bbox 90 3343 1082 3428; baseline -0.005 -6"><span class='ocrx_word' id='word_1_146' title='bbox 90 3348 139 3421; x_wconf 83' lang='lat' dir='ltr'><strong>A.</strong></span> <span class='ocrx_word' id='word_1_147' title='bbox 167 3347 256 3422; x_wconf 78' lang='lat' dir='ltr'><strong>Quo</strong></span> <span class='ocrx_word' id='word_1_148' title='bbox 268 3346 342 3418; x_wconf 89' lang='lat' dir='ltr'><strong>fine</strong></span> <span class='ocrx_word' id='word_1_149' title='bbox 355 3345 435 3419; x_wconf 86' lang='lat' dir='ltr'><strong>haec</strong></span> <span class='ocrx_word' id='word_1_150' title='bbox 449 3345 715 3420; x_wconf 87' lang='lat' dir='ltr'><strong>demonstravit</strong></span> <span class='ocrx_word' id='word_1_151' title='bbox 728 3355 827 3419; x_wconf 85' lang='lat' dir='ltr'><strong>certe</strong></span> <span class='ocrx_word' id='word_1_152' title='bbox 844 3343 991 3428; x_wconf 88' lang='lat' dir='ltr'><strong>nescio;</strong></span> <span class='ocrx_word' id='word_1_153' title='bbox 1017 3343 1082 3417; x_wconf 92' lang='lat' dir='ltr'><strong>sed</strong></span> 
     </span>
     <span class='ocr_line' id='line_1_25' title="bbox 46 3458 1082 3555; baseline -0.003 -21"><span class='ocrx_word' id='word_1_154' title='bbox 46 3459 127 3554; x_wconf 86' lang='lat' dir='ltr'><strong>quin</strong></span> <span class='ocrx_word' id='word_1_155' title='bbox 143 3461 185 3533; x_wconf 92' lang='lat' dir='ltr'><strong>in</strong></span> <span class='ocrx_word' id='word_1_156' title='bbox 204 3459 308 3534; x_wconf 91' lang='lat' dir='ltr'><strong>omni</strong></span> <span class='ocrx_word' id='word_1_157' title='bbox 324 3481 364 3532; x_wconf 90' lang='lat' dir='ltr'><strong>re</strong></span> <span class='ocrx_word' id='word_1_158' title='bbox 381 3458 520 3555; x_wconf 90' lang='lat' dir='ltr'><strong>ingenii</strong></span> <span class='ocrx_word' id='word_1_159' title='bbox 540 3458 712 3555; x_wconf 89' lang='lat' dir='ltr'><strong>splendor</strong></span> <span class='ocrx_word' id='word_1_160' title='bbox 736 3458 815 3554; x_wconf 87' lang='lat' dir='ltr'><strong>ipsc</strong></span> <span class='ocrx_word' id='word_1_161' title='bbox 842 3479 908 3552; x_wconf 92' lang='lat' dir='ltr'><strong>per</strong></span> <span class='ocrx_word' id='word_1_162' title='bbox 935 3480 975 3529; x_wconf 92' lang='lat' dir='ltr'><strong>se</strong></span> <span class='ocrx_word' id='word_1_163' title='bbox 1000 3458 1082 3554; x_wconf 91' lang='lat' dir='ltr'><strong>pul-</strong></span> 
     </span>
     <span class='ocr_line' id='line_1_26' title="bbox 44 3570 1080 3661; baseline -0.001 -15"><span class='ocrx_word' id='word_1_164' title='bbox 44 3572 245 3647; x_wconf 84' lang='lat' dir='ltr'><strong>cherrimus</strong></span> <span class='ocrx_word' id='word_1_165' title='bbox 267 3572 328 3661; x_wconf 88' lang='lat' dir='ltr'><strong>sit,</strong></span> <span class='ocrx_word' id='word_1_166' title='bbox 355 3571 599 3646; x_wconf 88' lang='lat' dir='ltr'><strong>dubitandum</strong></span> <span class='ocrx_word' id='word_1_167' title='bbox 622 3597 697 3646; x_wconf 89' lang='lat' dir='ltr'><strong>non</strong></span> <span class='ocrx_word' id='word_1_168' title='bbox 723 3583 791 3644; x_wconf 89' lang='lat' dir='ltr'><strong>est.</strong></span> <span class='ocrx_word' id='word_1_169' title='bbox 848 3570 1032 3643; x_wconf 84' lang='lat' dir='ltr'><strong>Attamen·</strong></span> <span class='ocrx_word' id='word_1_170' title='bbox 1050 3571 1080 3645; x_wconf 93' lang='lat' dir='ltr'><strong>si</strong></span> 
     </span>
     <span class='ocr_line' id='line_1_27' title="bbox 42 3682 1080 3783; baseline 0 -24"><span class='ocrx_word' id='word_1_171' title='bbox 42 3685 186 3783; x_wconf 79' lang='lat' dir='ltr'><strong>abipso</strong></span> <span class='ocrx_word' id='word_1_172' title='bbox 202 3707 314 3781; x_wconf 91' lang='lat' dir='ltr'><strong>opere</strong></span> <span class='ocrx_word' id='word_1_173' title='bbox 339 3683 386 3757; x_wconf 88' lang='lat' dir='ltr'><strong>de</strong></span> <span class='ocrx_word' id='word_1_174' title='bbox 412 3684 565 3758; x_wconf 86' lang='lat' dir='ltr'><strong>consilio</strong></span> <span class='ocrx_word' id='word_1_175' title='bbox 588 3684 728 3780; x_wconf 87' lang='lat' dir='ltr'><strong>opificis</strong></span> <span class='ocrx_word' id='word_1_176' title='bbox 755 3683 937 3778; x_wconf 87' lang='lat' dir='ltr'><strong>conjicere</strong></span> <span class='ocrx_word' id='word_1_177' title='bbox 959 3682 1080 3775; x_wconf 89' lang='lat' dir='ltr'><strong>liceat,</strong></span> 
     </span>
     <span class='ocr_line' id='line_1_28' title="bbox 41 3796 1080 3896; baseline -0.001 -24"><span class='ocrx_word' id='word_1_178' title='bbox 41 3800 196 3874; x_wconf 85' lang='lat' dir='ltr'><strong>voluisse</strong></span> <span class='ocrx_word' id='word_1_179' title='bbox 212 3810 306 3896; x_wconf 87' lang='lat' dir='ltr'><strong>puto</strong></span> <span class='ocrx_word' id='word_1_180' title='bbox 329 3798 532 3888; x_wconf 87' lang='lat' dir='ltr'><strong>Euclidem,</strong></span> <span class='ocrx_word' id='word_1_181' title='bbox 550 3809 730 3895; x_wconf 82' lang='lat' dir='ltr'><strong>quantum</strong></span> <span class='ocrx_word' id='word_1_182' title='bbox 753 3797 876 3893; x_wconf 91' lang='lat' dir='ltr'><strong>potuit</strong></span> <span class='ocrx_word' id='word_1_183' title='bbox 900 3796 1080 3872; x_wconf 89' lang='lat' dir='ltr'><strong>linearum</strong></span> 
     </span>
     <span class='ocr_line' id='line_1_29' title="bbox 41 3909 1079 4009; baseline -0.001 -22"><span class='ocrx_word' id='word_1_184' title='bbox 41 3914 205 3987; x_wconf 88' lang='lat' dir='ltr'><strong>omnium</strong></span> <span class='ocrx_word' id='word_1_185' title='bbox 220 3914 260 3985; x_wconf 89' lang='lat' dir='ltr'><strong>in</strong></span> <span class='ocrx_word' id='word_1_186' title='bbox 278 3911 417 4009; x_wconf 86' lang='lat' dir='ltr'><strong>figuris,</strong></span> <span class='ocrx_word' id='word_1_187' title='bbox 431 3922 535 3985; x_wconf 85' lang='lat' dir='ltr'><strong>certa</strong></span> <span class='ocrx_word' id='word_1_188' title='bbox 550 3923 589 3985; x_wconf 87' lang='lat' dir='ltr'><strong>et</strong></span> <span class='ocrx_word' id='word_1_189' title='bbox 609 3911 758 4007; x_wconf 90' lang='lat' dir='ltr'><strong>cognita</strong></span> <span class='ocrx_word' id='word_1_190' title='bbox 774 3909 855 4007; x_wconf 88' lang='lat' dir='ltr'><strong>lege</strong></span> <span class='ocrx_word' id='word_1_191' title='bbox 878 3909 1079 4008; x_wconf 85' lang='lat' dir='ltr'><strong>descripta-</strong></span> 
     </span>
     <span class='ocr_line' id='line_1_30' title="bbox 41 4024 1077 4115; baseline 0 -15"><span class='ocrx_word' id='word_1_192' title='bbox 41 4049 130 4115; x_wconf 82' lang='lat' dir='ltr'><strong>rum,</strong></span> <span class='ocrx_word' id='word_1_193' title='bbox 147 4025 312 4100; x_wconf 82' lang='lat' dir='ltr'><strong>rationes</strong></span> <span class='ocrx_word' id='word_1_194' title='bbox 336 4038 550 4099; x_wconf 85' lang='lat' dir='ltr'><strong>convertere</strong></span> <span class='ocrx_word' id='word_1_195' title='bbox 575 4025 614 4098; x_wconf 94' lang='lat' dir='ltr'><strong>in</strong></span> <span class='ocrx_word' id='word_1_196' title='bbox 642 4024 803 4097; x_wconf 88' lang='lat' dir='ltr'><strong>rationes</strong></span> <span class='ocrx_word' id='word_1_197' title='bbox 829 4048 1077 4100; x_wconf 89' lang='lat' dir='ltr'><strong>numerorum.</strong></span> 
     </span>
     <span class='ocr_line' id='line_1_31' title="bbox 41 4138 1079 4235; baseline -0.002 -21"><span class='ocrx_word' id='word_1_198' title='bbox 41 4139 149 4214; x_wconf 76' lang='lat' dir='ltr'><strong>Quod</strong></span> <span class='ocrx_word' id='word_1_199' title='bbox 165 4139 198 4212; x_wconf 93' lang='lat' dir='ltr'><strong>si</strong></span> <span class='ocrx_word' id='word_1_200' title='bbox 214 4151 349 4212; x_wconf 86' lang='lat' dir='ltr'><strong>natura</strong></span> <span class='ocrx_word' id='word_1_201' title='bbox 365 4138 446 4211; x_wconf 87' lang='lat' dir='ltr'><strong>fieri</strong></span> <span class='ocrx_word' id='word_1_202' title='bbox 461 4162 568 4235; x_wconf 89' lang='lat' dir='ltr'><strong>passa</strong></span> <span class='ocrx_word' id='word_1_203' title='bbox 588 4151 696 4226; x_wconf 87' lang='lat' dir='ltr'><strong>esset,</strong></span> <span class='ocrx_word' id='word_1_204' title='bbox 721 4139 948 4234; x_wconf 87' lang='lat' dir='ltr'><strong>computatio</strong></span> <span class='ocrx_word' id='word_1_205' title='bbox 979 4162 1079 4234; x_wconf 89' lang='lat' dir='ltr'><strong>quae-</strong></span> 
     </span>
     <span class='ocr_line' id='line_1_32' title="bbox 41 4251 1078 4341; baseline -0.005 -14"><span class='ocrx_word' id='word_1_206' title='bbox 41 4252 127 4327; x_wconf 90' lang='lat' dir='ltr'><strong>libet</strong></span> <span class='ocrx_word' id='word_1_207' title='bbox 158 4251 336 4327; x_wconf 85' lang='lat' dir='ltr'><strong>facillima</strong></span> <span class='ocrx_word' id='word_1_208' title='bbox 369 4251 469 4325; x_wconf 87' lang='lat' dir='ltr'><strong>facta</strong></span> <span class='ocrx_word' id='word_1_209' title='bbox 497 4263 604 4341; x_wconf 89' lang='lat' dir='ltr'><strong>esset,</strong></span> <span class='ocrx_word' id='word_1_210' title='bbox 634 4251 821 4340; x_wconf 89' lang='lat' dir='ltr'><strong>nimirum,</strong></span> <span class='ocrx_word' id='word_1_211' title='bbox 855 4251 895 4324; x_wconf 93' lang='lat' dir='ltr'><strong>in</strong></span> <span class='ocrx_word' id='word_1_212' title='bbox 934 4251 1078 4324; x_wconf 86' lang='lat' dir='ltr'><strong>tabulas</strong></span> 
     </span>
     <span class='ocr_line' id='line_1_33' title="bbox 41 4365 742 4463; baseline -0.003 -24"><span class='ocrx_word' id='word_1_213' title='bbox 41 4366 186 4463; x_wconf 83' lang='lat' dir='ltr'><strong>digestis</strong></span> <span class='ocrx_word' id='word_1_214' title='bbox 205 4365 370 4439; x_wconf 91' lang='lat' dir='ltr'><strong>omnium</strong></span> <span class='ocrx_word' id='word_1_215' title='bbox 388 4388 510 4438; x_wconf 87' lang='lat' dir='ltr'><strong>rerum</strong></span> <span class='ocrx_word' id='word_1_216' title='bbox 528 4365 742 4438; x_wconf 88' lang='lat' dir='ltr'><strong>rationibus.</strong></span> 
     </span>
    </p>

    <p class='ocr_par' dir='ltr' id='par_1_9' title="bbox 83 4476 1079 4572">
     <span class='ocr_line' id='line_1_34' title="bbox 83 4476 1079 4572; baseline -0.008 -18"><span class='ocrx_word' id='word_1_217' title='bbox 83 4479 240 4554; x_wconf 82' lang='lat' dir='ltr'><strong>Restant</strong></span> <span class='ocrx_word' id='word_1_218' title='bbox 271 4478 503 4552; x_wconf 89' lang='lat' dir='ltr'><strong>definitiones</strong></span> <span class='ocrx_word' id='word_1_219' title='bbox 533 4478 713 4552; x_wconf 85' lang='lat' dir='ltr'><strong>Elementi</strong></span> <span class='ocrx_word' id='word_1_220' title='bbox 732 4478 804 4562; x_wconf 82' lang='lat' dir='ltr'><strong>ni.;</strong></span> <span class='ocrx_word' id='word_1_221' title='bbox 837 4476 909 4550; x_wconf 88' lang='lat' dir='ltr'><strong>illae</strong></span> <span class='ocrx_word' id='word_1_222' title='bbox 932 4498 1079 4572; x_wconf 86' lang='lat' dir='ltr'><strong>quoque</strong></span> 
     </span>
    </p>
   </div>
   <div class='ocr_carea' id='block_1_3' title="bbox 41 4595 860 4672">
    <p class='ocr_par' dir='ltr' id='par_1_10' title="bbox 41 4595 860 4672">
     <span class='ocr_line' id='line_1_35' title="bbox 41 4595 860 4672; baseline -0.005 -2"><span class='ocrx_word' id='word_1_223' title='bbox 41 4596 83 4670; x_wconf 84' lang='lat' dir='ltr'><strong>ad</strong></span> <span class='ocrx_word' id='word_1_224' title='bbox 100 4597 339 4672; x_wconf 83' lang='lat' dir='ltr'><strong>scientiarum</strong></span> <span class='ocrx_word' id='word_1_225' title='bbox 355 4596 589 4671; x_wconf 85' lang='lat' dir='ltr'><strong>severitatem</strong></span> <span class='ocrx_word' id='word_1_226' title='bbox 607 4595 860 4670; x_wconf 85' lang='lat' dir='ltr'><strong>exactissimae.</strong></span> 
     </span>
    </p>
   </div>
   <div class='ocr_carea' id='block_1_4' title="bbox 0 0 1314 5092">
    <p class='ocr_par' dir='ltr' id='par_1_11' title="bbox 0 0 1314 5092">
     <span class='ocr_line' id='line_1_36' title="bbox 0 0 1314 5092; baseline 0 6"><span class='ocrx_word' id='word_1_227' title='bbox 0 0 1314 5092; x_wconf 95' lang='lat' dir='ltr'><strong> </strong></span> 
     </span>
    </p>
   </div>
  </div>
 </body>
</html>
