2618 5092
259 120 854 171 murnnunrrcnuuonrnnsn.
1023 102 1090 178 137

59 285 320 381 significandam
348 286 533 358 rationem
561 285 663 381 dupli
693 287 741 358 ad
769 285 952 381 simplum.
1005 284 1090 356 Non

59 399 160 494 itaque
178 423 311 472 verum
332 414 404 482 est,
419 399 519 494 quod
536 423 581 471 ea
598 401 715 471 utitur
731 410 911 495 perpetuo
929 398 1092 470 insensu

59 511 165 585 altero.
212 513 415 600 Praeterea,
428 512 510 584 fieri
526 524 648 607 potest
666 524 708 584 ut
720 511 893 584 Euclides
910 535 983 584 non
1003 511 1092 584 satis

58 624 119 718 ipse
139 625 377 721 perspexerit
400 624 553 698 rationis
580 636 773 698 naturam:
799 626 985 697 imovero
1011 624 1092 696 fieri

58 736 147 810 aliter
179 763 258 812 non
294 750 433 833 potest,
469 763 554 812 cum
589 738 772 812 definierit
811 739 991 812 rationem
1025 762 1093 834 per

58 857 109 910 rat
121 854 227 930 σχέσις.

97 958 222 1055 Capite
235 956 424 1043 xxxi.,ubi
438 966 576 1029 tractat
583 956 880 1051 Progressiouem
892 954 1093 1030 Geometri·

58 1095 137 1160 cam,
160 1069 333 1166 regulam
358 1070 467 1142 affert
495 1069 716 1165 generalem,
749 1092 822 1164 qua
850 1068 1092 1141 terminorum

57 1186 208 1258 omnium
224 1182 416 1255 invenitur
433 1205 587 1269 summa,
601 1182 774 1253 nimirum
785 1182 880 1254 hanc
896 1180 1001 1255 z-Si
1015 1191 1093 1253 ter-

57 1298 162 1370 ninos
178 1296 334 1369 altioeus
347 1320 423 1393 per
439 1319 657 1368 communem
674 1296 856 1367 rationem
872 1293 1094 1392 multiplice·

58 1421 120 1500 lar,
130 1412 210 1484 sioe
226 1409 326 1507 quod
344 1408 558 1482 tantundem
575 1419 644 1498 est,
655 1408 884 1506 progressio
898 1432 970 1505 per
986 1433 1093 1480 unum

57 1523 164 1598 oddae
182 1522 353 1621 gradum
377 1521 619 1611 continuetur,
638 1531 751 1619 atque
778 1521 865 1593 inde
893 1519 1095 1617 conseratur

58 1638 226 1711 terminus
236 1635 402 1734 primus,
420 1643 458 1706 et
474 1634 573 1730 quod
585 1644 709 1706 restat
718 1657 794 1731 per
811 1657 997 1706 nanterum
1013 1633 1094 1705 nni-

59 1758 126 1823 late
139 1750 321 1823 minorem
333 1772 445 1845 quom
459 1758 516 1819 est
532 1746 725 1820 communis
743 1746 857 1834 ratio,
875 1745 1094 1828 dividatur,·

54 1863 209 1958 prodibit
236 1860 528 1959 progressionis
558 1859 895 1934 summo-Quam
925 1859 1093 1954 regulam

61 1975 220 2074 deinceps
237 1974 580 2048 demonstraturum
594 1997 633 2046 se
657 1997 736 2047 esse
754 1973 856 2048 dicit.
907 1972 952 2046 ld
968 1983 1093 2046 autem

62 2089 145 2183 quod
171 2089 350 2183 deinceps
375 2086 523 2184 legitur,
542 2087 807 2160 demonstratio
829 2111 904 2160 non
933 2098 1001 2174 est,
1028 2087 1093 2161 sed

62 2201 221 2276 indicatio
248 2200 352 2298 quod
375 2201 430 2274 ita
454 2201 639 2297 contingit
666 2224 745 2274 esse
771 2201 811 2273 in
838 2201 1094 2297 progressione

63 2337 284 2390 numerorum
302 2314 418 2410 ipsius
438 2314 591 2387 arbitrio
609 2327 849 2411 sumptorum.
902 2314 1043 2409 Neque,
1062 2314 1094 2385 si

64 2425 94 2498 in
106 2428 362 2525 progressione
379 2427 479 2499 omni
496 2451 734 2501 numerorum
751 2438 817 2501 tuo
839 2450 969 2499 meove
995 2426 1093 2498 arbi·

65 2540 121 2614 trio
141 2556 376 2638 sumptorum
399 2540 498 2613 idem
519 2541 763 2636 contingeret,
787 2563 864 2612 non
887 2550 1012 2611 tamen
1030 2538 1092 2611 dc-

66 2656 266 2729 monstratio
289 2664 411 2737 esset;
438 2667 518 2727 tum
542 2655 629 2750 quia
657 2679 769 2729 causa
791 2653 992 2726 accidentis
1016 2676 1093 2725 non

66 2780 209 2864 apparet,
220 2780 303 2840 tum
316 2766 428 2840 etiam
442 2767 528 2863 quia
539 2767 706 2840 inductio
719 2765 1008 2863 particularium,
1022 2765 1093 2839 nisi

66 2898 200 2954 numero
214 2880 456 2968 infinitorum,
467 2881 632 2976 regulam
645 2905 720 2953 non
734 2880 824 2953 facit
839 2880 1092 2954 universalem.

102 2993 148 3067 B.
170 2994 296 3068 Verba
338 2995 418 3089 ejus
450 2994 562 3082 haec,··
578 2993 723 3092 regnloe
753 2993 1094 3067 demonstrationem

66 3102 225 3207 Morem
259 3131 493 3205 exponemus,
529 3130 604 3180 non
639 3118 808 3202 spectant
842 3107 890 3181 ad
921 3107 961 3181 id
995 3108 1095 3204 quod

65 3221 226 3316 sequitur,
257 3219 445 3307 nimirum,
470 3220 506 3292 si
540 3220 578 3292 in
605 3221 873 3319 progressione
902 3220 1094 3317 arbanam,

65 3345 134 3421 etc,
161 3334 228 3408 scd
258 3333 307 3407 ad
340 3332 380 3406 id
408 3333 508 3429 quod
537 3333 696 3405 habetur
725 3334 857 3428 Capite
884 3334 1011 3406 xxxiii.
1047 3333 1096 3407 ad

64 3464 242 3521 numerum
255 3454 318 3535 68,
333 3446 397 3542 qui
413 3446 554 3543 incipit,
568 3446 604 3518 si
621 3446 798 3519 terminus
815 3447 1008 3534 monimus,
1023 3459 1092 3519 etc.

103 3560 148 3635 A.
173 3561 275 3656 Ergo
303 3583 432 3633 vocem
462 3561 563 3633 illam
591 3560 780 3657 deinceps,
808 3561 917 3634 toties
946 3560 1095 3653 ubique,

63 3673 255 3764 prasertim
293 3672 332 3745 in
374 3671 477 3745 libris
519 3672 791 3746 mathematicis
826 3685 1096 3756 occurrentem,

64 3784 199 3859 criticus
215 3785 498 3858 mathematicus
522 3785 653 3858 doctor
675 3785 737 3858 ille
760 3810 835 3859 non
852 3783 1043 3859 intellexit.

105 3896 152 3973 B.
175 3898 349 3972 Fortasse
371 3898 537 3994 regulam
561 3911 686 3973 tamen
707 3922 817 3994 quam
835 3897 896 3970 hic
913 3893 1096 3992 exposuit,

64 4006 128 4084 illic
145 4011 425 4088 demonstrabit.

1133 313 1277 352 nitrosus

1133 394 1276 497 L
