2618 5092
401 679 740 733 euouarnanuu.
1013 665 1082 730 421

43 843 317 941 magnitudine:
343 845 477 918 namsi
502 869 576 918 non
601 857 724 920 essent
752 844 1005 942 aequiangulae,
1023 857 1087 918 aut
1130 872 1199 912 cao.
1214 870 1269 910 ιιι.

43 979 111 1030 uon
128 957 315 1031 haberent
332 958 448 1031 latera
466 958 564 1031 circa
585 958 741 1055 aequales
759 957 914 1054 angulos
931 981 1086 1053 propor-
1127 940 1270 1046 {Tm}

42 1069 203 1160 tionalia,
224 1094 300 1143 non
318 1083 413 1143 esset
430 1070 528 1143 inter
546 1094 607 1143 eas
623 1071 700 1144 ulla
715 1072 844 1167 figurae
870 1070 1084 1144 similitudo.
1131 1067 1260 1111 ¹⁸⁶⁰¹²lm

42 1182 174 1256 [ladem
194 1207 285 1278 ergo
303 1196 360 1257 est
383 1184 478 1257 ratio
496 1185 561 1258 AB
585 1184 634 1257 ad
657 1184 737 1274 DB,
755 1209 837 1280 quae
855 1184 919 1257 CA
936 1184 985 1257 ad
1010 1185 1084 1258 DF.

42 1296 110 1371 Sed
127 1308 170 1370 ut
190 1296 257 1370 AB
275 1295 323 1368 ad
346 1296 424 1385 BD,
442 1297 496 1369 ita
514 1309 661 1371 ostensa
685 1309 743 1370 est
765 1321 845 1370 esse
864 1296 927 1370 ΟΑ
945 1296 991 1369 ad
1010 1297 1084 1370 EC.

42 1410 132 1484 Sunt
162 1432 254 1505 ergo
282 1409 346 1481 DF
368 1421 405 1483 et
429 1410 490 1483 EC
507 1411 690 1505 aequales:
718 1421 756 1483 et
777 1409 934 1506 proinde
955 1410 1085 1504 (ducta

42 1522 116 1618 DE)
138 1523 328 1619 triangula
344 1523 456 1612 ΑΒΕ,
468 1524 566 1596 ABC
585 1536 671 1598 sunt
689 1523 832 1597 similia.

87 1637 146 1711 Ad
182 1635 434 1710 definitionem
471 1636 578 1726 hanc,
608 1637 879 1734 propositiones
897 1636 968 1709 illae
998 1661 1082 1733 quae

42 1761 245 1847 sequuntur
272 1749 311 1822 in
341 1749 534 1822 Elemento
558 1750 700 1847 quinto,
725 1748 771 1821 de
798 1748 1081 1844 permutatione,

41 1861 292 1950 conversione,
319 1862 585 1958 compositione
613 1874 698 1950 etc,
726 1862 924 1952 rationum,
953 1886 1082 1935 accur-

41 1987 144 2049 runt:
178 1987 217 2049 et
244 1975 293 2048 ad
315 1975 436 2049 lucem
462 1978 540 2073 ejus
564 1998 692 2049 omnes
717 1975 795 2049 fere
820 1999 899 2048 sese
931 1975 1082 2049 demon-

41 2101 167 2163 strant.
249 2088 412 2161 Euclidis
445 2101 569 2162 autem
601 2088 934 2162 demonstrationes
970 2087 1082 2183 duplo

41 2202 160 2299 plures
188 2211 288 2291 sunt,
318 2214 513 2298 propterea
540 2201 638 2299 quod
667 2201 765 2273 idem
799 2202 838 2276 in
871 2201 1082 2298 quantitate

41 2317 216 2389 continua
236 2314 389 2387 seorsim
405 2339 428 2388 a
445 2315 606 2388 numeris
623 2314 876 2387 demonstrat:
908 2324 947 2387 et
963 2314 1081 2387 multo

41 2429 224 2525 longiores
245 2451 355 2525 quam
384 2438 464 2501 erat
489 2451 650 2516 necesse,
678 2440 829 2525 propter
857 2427 1089 2501 sterilitatem

41 2541 267 2616 definitionis
284 2541 449 2615 rationis

86 2655 201 2730 “Sed
232 2653 358 2750 quid”,
386 2653 540 2752 inquies,
569 2658 696 2750 “opus
727 2664 783 2726 est
811 2654 1081 2728 theorematum

41 2792 128 2867 pure
157 2769 468 2864 geometricorum
486 2766 819 2841 demonstrationes
847 2779 997 2840 amotu
1023 2790 1084 2861 pe·

41 2895 118 2956 tere
129 2882 168 2956 l'’
203 2880 423 2976 Respondeo
436 2879 572 2978 primo:
592 2879 924 2952 demonstrationes
941 2902 1081 2963 omnes,

40 2996 108 3070 nisi
126 2995 338 3068 scientificae
355 2995 442 3083 sint,
459 2993 598 3067 vitiosae
622 3005 730 3075 sunt;
758 3005 796 3065 et
822 2993 892 3065 nisi
921 3016 943 3063 a
966 2991 1086 3064 causis

40 3108 256 3207 procedant,
288 3107 497 3181 scientificae
527 3131 601 3180 uon
631 3116 728 3178 snut.
799 3103 981 3190 Secundo,
1014 3103 1086 3175 nisi

40 3221 295 3296 conclusiones
313 3246 336 3295 a
353 3220 638 3308 constructione,
657 3218 696 3291 id
714 3228 782 3302 est,
800 3241 823 3290 a
839 3215 1087 3311 descriptione

40 3337 254 3433 figurarum,
268 3334 307 3407 id
323 3347 427 3422 cst,a
443 3333 622 3406 linearum
641 3331 816 3404 ductione
834 3331 1085 3403 demonstren-

40 3460 113 3539 tur,
130 3448 272 3521 vitiosae
289 3458 388 3522 sunt.
438 3447 522 3520 Jam
539 3445 657 3519 omnis
674 3444 853 3518 linearum
870 3443 995 3517 ductio
1009 3467 1087 3514 mo-

40 3573 99 3634 tus
130 3570 212 3633 est:
247 3559 372 3655 itaque
405 3559 538 3631 vitiosa
567 3570 624 3631 est
657 3557 775 3629 omnis
810 3555 1088 3639 demonstratio,

40 3675 146 3770 cujus
171 3671 354 3768 principia
382 3671 502 3767 prima
525 3694 599 3743 non
628 3670 868 3742 continentur
891 3669 929 3742 in
958 3669 1087 3742 defini·

39 3786 203 3861 tionibus
221 3794 387 3858 motuum
406 3784 537 3880 quibus
554 3785 682 3879 figurae
697 3782 968 3855 describuntur.
1015 3780 1089 3855 Sed

40 3912 125 3999 post
143 3899 374 3972 theoremata
391 3896 529 3993 aliquot
546 3895 666 3993 prima
680 3896 942 3983 demonstrata,
955 3907 1090 3967 caetera

39 4012 163 4088 abhis
181 4010 427 4107 dependentia
444 4034 519 4082 non
538 4021 650 4105 egent
671 4009 987 4082 demonstratione
1004 4031 1088 4102 quae

40 4124 82 4199 fit
100 4149 123 4198 a
139 4136 256 4212 motu,
273 4135 317 4196 ut
333 4146 489 4219 quorum
514 4120 845 4194 demonstrationes
872 4121 910 4194 in
935 4120 1086 4192 demon-

40 4238 281 4313 strationibus
294 4237 459 4332 priorum
470 4235 728 4308 continentur:
749 4258 818 4307 nec
831 4233 902 4306 alia
914 4256 953 4305 re
964 4243 1087 4328 egent,

39 4367 83 4424 ut
109 4350 377 4446 intelligantur,
401 4358 536 4444 praeter
563 4346 710 4421 illorum
735 4348 901 4443 priorum
927 4343 1086 4441 explica-

41 4465 195 4555 tionem,
212 4463 272 4537 vel
290 4462 576 4536 conversionem.
