2618 5092
276 678 603 747 narnanamcar
624 693 869 747 somnians.
1034 679 1104 759 117

56 857 208 956 scriptae,
224 869 275 933 nt
287 858 489 956 plusquam
505 859 616 956 triplo
634 859 707 934 sint
722 861 918 959 longiores.
947 862 997 937 Et
1008 885 1104 961 prae.
1139 891 1289 934 »ramora

55 985 159 1062 terea,
177 972 297 1046 eitius
315 972 499 1069 intelliget
515 972 630 1047 lector
648 973 814 1069 quilibet,
827 976 939 1050 etiam
955 979 1103 1076 symbo-
1142 972 1286 1077 „IL

56 1086 153 1173 liam,
184 1086 322 1160 decem
355 1085 439 1159 illas
466 1085 796 1161 demonstrationes
825 1089 954 1180 Clarii,
991 1115 1103 1187 quam

56 1198 259 1298 quamlibet
292 1223 409 1273 unam
451 1223 497 1273 ex
526 1199 901 1277 demonstrationibus
934 1203 1101 1277 Wallisii.

57 1312 224 1409 Denique
235 1312 512 1410 propositiones
539 1313 611 1386 illae
640 1337 663 1385 a
689 1313 865 1410 quolibet,
884 1316 947 1412 qui
975 1341 1102 1390 earum

56 1424 230 1522 intelligit
247 1423 580 1498 demonstrationes
592 1427 848 1522 geometricas,
876 1452 952 1502 non
979 1430 1101 1503 minus

57 1536 103 1611 nd
127 1560 308 1611 numeros
326 1536 504 1634 applicari
517 1549 673 1634 possunt
687 1561 821 1634 quama
838 1539 964 1614 Clario
978 1543 1096 1640 appli-

57 1661 259 1724 oetaesunt.

103 1762 152 1836 Β.
179 1764 384 1860 Pergamus
397 1786 485 1860 ergo
502 1763 550 1837 ad
562 1763 685 1859 Caput
695 1765 877 1855 xxir.,De
887 1767 1098 1842 Geodaesr'a.

58 1876 128 1950 Sed
170 1877 307 1973 primo,
343 1876 404 1951 dio
436 1876 528 1951 mihi
564 1876 654 1974 quid
687 1878 810 1952 differt
847 1880 1042 1954 Geodaaia
1076 1906 1100 1957 a

60 1989 310 2064 Geometria?

100 2101 148 2177 A.
173 2103 295 2193 Nihil,
308 2103 382 2177 nisi
397 2104 495 2200 quod
515 2104 732 2201 quibusdam
744 2105 952 2180 hominibus
963 2107 1097 2182 mirum

56 2216 263 2291 inmodnm
280 2216 404 2314 placet
421 2241 552 2292 vocum
577 2218 788 2292 Graecarum
810 2219 1015 2293 efformatio
1030 2221 1097 2293 ali-

56 2354 122 2427 qua
136 2330 198 2404 rel
211 2329 432 2427 compositio
452 2355 561 2421 nova,
580 2332 628 2405 ad
641 2333 924 2406 ostentationem
953 2334 1096 2428 peritiae

55 2442 185 2541 linguae
202 2444 358 2517 Graecae.
410 2443 483 2517 Sed
509 2443 573 2516 diu
599 2467 698 2518 nunc
724 2455 782 2518 est
811 2444 909 2541 quod
937 2468 981 2518 ea
1010 2470 1095 2537 vox,

56 2556 262 2652 significans
280 2569 391 2631 terrae
408 2555 634 2645 divisionem,
648 2581 716 2654 pro
743 2571 848 2654 parte
878 2558 968 2631 artis
1000 2560 1096 2655 agri-

56 2690 263 2743 mensornm
293 2680 470 2765 usurpata
497 2680 565 2742 est.
617 2669 726 2744 Nosti
754 2693 865 2767 quam
895 2671 1028 2767 exigua
1056 2684 1096 2747 et

57 2782 137 2856 trita
152 2806 241 2880 pars
263 2805 308 2855 ea
325 2782 376 2855 sit
390 2782 614 2878 geometriae,
642 2806 715 2879 qua
736 2795 893 2857 utuntur
909 2785 1094 2880 agrimen-

59 2916 164 2970 sores.
216 2894 385 2970 Doeetur
401 2906 525 2968 autem
543 2895 615 2968 hoc
645 2896 765 2992 capite
795 2897 881 2969 novi
905 2897 1009 2986 nihil,
1028 2897 1093 2970 sed

59 3008 237 3104 mornado
266 3007 548 3104 triangulorum,
578 3020 617 3082 et
644 3007 799 3104 proinde
820 3007 1092 3106 polygonoram

59 3122 337 3212 rectilineorum,
355 3144 452 3194 areae
477 3119 525 3194 ad
553 3142 790 3196 numerorum
821 3120 1003 3194 calculum
1033 3145 1092 3195 re-

60 3232 137 3309 duci
153 3235 285 3309 solent.

104 3346 152 3424 B.
178 3347 313 3423 Nonne
330 3345 442 3419 etiam
471 3345 599 3420 circuli
625 3355 665 3420 et
690 3357 875 3420 sectorum
902 3369 1090 3423 mensura-

59 3459 202 3551 tionem,
216 3471 253 3534 et
269 3458 532 3556 quadraturam
550 3459 677 3533 circuli
693 3459 755 3532 hic
772 3459 909 3533 docet?

99 3572 148 3646 Α.
174 3572 359 3647 Scribitur
371 3571 520 3668 quidem
530 3572 569 3645 in
578 3572 742 3668 margine
755 3572 850 3662 libri,
863 3575 1090 3648 marotia

60 3684 182 3760 circuli
208 3695 246 3759 et
272 3684 488 3785 portionum
517 3686 598 3781 ejus
609 3711 625 3769 ,·
650 3695 689 3759 et
711 3684 820 3781 paulo
848 3685 1011 3776 inferius,
1041 3689 1089 3762 de

59 3800 183 3875 circuli
208 3798 446 3899 quadratura
458 3825 474 3884 ;
507 3799 673 3872 stratio
693 3799 895 3897 perimetri
924 3799 1088 3875 circula·

58 3914 107 3986 ris
121 3914 178 3988 ad
198 3913 430 3987 diametrum.
481 3912 526 3985 In
542 3923 647 3986 textu
665 3922 787 3984 autem
816 3925 928 4008 negat
951 3937 989 3988 se
1006 3914 1087 3988 haee

59 4024 192 4117 dooere,
211 4025 278 4101 sed
295 4026 342 4099 de
359 4025 429 4100 illis
446 4025 561 4099 fusius
579 4025 721 4098 dietum
739 4048 818 4099 esse
836 4026 925 4099 dicit
954 4027 991 4099 in
1020 4052 1087 4101 sua

58 4137 548 4234 arithmeticalryinitoram.
575 4138 677 4211 Dicit
687 4149 875 4234 praeterea,
887 4138 1086 4238 losepham

59 4250 294 4354 Scaligerum,
331 4251 546 4325 Severinum
578 4250 925 4350 Longomoatanum,
956 4262 994 4326 et
1017 4279 1085 4326 aa·

53 4368 211 4462 perrime
242 4365 422 4441 Thamam
455 4364 618 4456 Hobbea,
649 4366 874 4439 immortales
900 4365 973 4438 sibi
999 4365 1085 4438 inde

58 4478 208 4578 singulis
226 4479 357 4555 laudea
373 4477 502 4552 deberi
514 4477 749 4571 somniantes,
767 4479 861 4552 mire
876 4477 1084 4551 hallucina-

58 4599 107 4665 tor
121 4617 212 4668 erae.
