2618 5092
290 678 606 731 ussurusrrcm
627 680 870 731 uonruuum.
1032 667 1095 730 131

59 847 142 919 ratio
159 846 395 943 aequalitatis
420 845 541 919 media
571 859 628 920 est
657 847 755 919 iuter
780 847 960 919 rationem
991 869 1101 940 quam
1142 871 1262 911 mucci

59 958 159 1033 habet
175 958 374 1056 quantitas
394 958 442 1031 ad
463 960 720 1053 quantitatem,
738 960 973 1032 strationem
991 983 1101 1054 quam
1142 952 1262 1054 ἐζ,

61 1071 159 1146 habet
185 1071 354 1169 privatio
377 1073 591 1167 quantitatis
616 1071 663 1144 ad
686 1073 929 1169 privationem
956 1072 1102 1166 quanti-

64 1186 162 1270 tatis;
179 1200 222 1260 et
235 1184 409 1282 proinde,
423 1186 668 1281 quantitatem
686 1186 839 1258 rationis
863 1209 972 1281 quarn
990 1185 1102 1257 habet

67 1298 189 1393 equale
206 1297 258 1372 ad
280 1297 436 1394 aequale,
453 1322 532 1372 esse
549 1299 652 1371 nihil.
704 1299 878 1394 Sequitur
896 1299 1017 1396 Caput
1035 1300 1102 1371 tri-

70 1412 242 1501 cesimum,
261 1410 312 1484 de
331 1410 514 1485 rationum
532 1411 807 1507 compositione.

110 1523 152 1596 B.
177 1524 387 1598 Differatur
404 1523 434 1595 si
453 1523 518 1612 via,
536 1523 574 1596 in
594 1524 690 1596 diem
708 1524 921 1597 crastinum.

319 2078 570 2153 DIALOGUS
598 2078 848 2153 QUARTUS.

118 2397 157 2469 A.
179 2398 323 2471 ΕΤΙΛΜ
341 2394 539 2469 hodiernus
556 2395 662 2468 nobis
683 2419 804 2469 sermo
822 2406 923 2468 totus
938 2396 1015 2468 fere
1033 2397 1103 2469 erit

25 2548 28 2619 ἶ
84 2504 342 2584 deuotionibus.
394 2508 526 2605 Capite
552 2520 735 2605 praeseute
753 2508 798 2581 de
815 2508 999 2581 rationum
1023 2510 1102 2606 agit

25 2626 28 2719 j
83 2624 335 2719 compositione,
352 2634 464 2717 prout
479 2620 654 2694 definitur
671 2621 718 2693 ab
736 2621 887 2693 Euclide
907 2622 1038 2715 (Elem.
1053 2624 1100 2696 vi.

25 2766 28 2909 Ι
84 2731 167 2810 defin.
183 2738 299 2832 ult.):
327 2735 440 2808 Ratio
464 2733 735 2808 curationibus
760 2736 927 2832 componi
954 2737 1103 2825 dicitur,

25 2924 27 2937 ¹
83 2850 204 2942 quanda
221 2849 407 2922 rationum
429 2847 658 2945 quantitates
679 2847 777 2920 inter
793 2872 833 2919 ae
850 2848 1105 2948 multiplicata

25 2962 27 3021 !
83 2959 219 3052 ffeirmt
234 2961 402 3059 aliquam
420 2960 609 3048 ratimaru,
620 2960 658 3033 in
676 2961 817 3050 Graeco,
835 2980 896 3033 τινὰ
908 2978 1004 3049 λόγον.
1044 2963 1104 3034 Sic

82 3073 157 3147 euim
188 3074 340 3149 invenio
371 3074 409 3147 in
439 3074 533 3146 libro
568 3072 757 3170 cujusdam
787 3074 973 3169 anonymi,
1004 3074 1104 3147 edito

81 3189 258 3262 centesimo
277 3187 438 3261 abhinc*
472 3210 582 3275 anno,
600 3186 639 3259 iu
664 3209 737 3281 quo
765 3198 851 3259 suut
874 3186 1104 3259 definitiones

80 3301 397 3398 etpropositioues
425 3299 588 3373 Euclidis
622 3323 750 3373 omnes
784 3299 910 3373 Graece
945 3300 1102 3395 scriptae.

78 3406 211 3489 Wallisii
241 3412 349 3502 liber,
379 3424 422 3486 ut
446 3411 603 3503 videtur,
632 3413 714 3486 loco
745 3413 854 3507 hujus
882 3413 1104 3486 definitionis

76 3519 154 3600 hanc
164 3528 304 3601 habet:
334 3525 492 3612 Quaado
505 3524 689 3597 rationum
702 3526 930 3622 quantitates
948 3526 1046 3598 iuter
1063 3552 1104 3600 se

76 3639 315 3741 aaltqriicatoe
348 3638 497 3736 aliquae
531 3639 734 3734 qffeceriut.
787 3640 881 3714 Quae
914 3640 997 3713 duae
1030 3641 1104 3713 lec-

75 3751 176 3828 tiones
206 3777 319 3827 seusu
339 3752 433 3825 nihil
459 3751 644 3825 differunt.
696 3752 793 3825 Nam
811 3753 842 3825 si
860 3752 933 3827 duo
956 3755 1104 3826 termini

74 3867 165 3942 unius
178 3866 335 3941 rationis
352 3864 643 3962 multiphceutur
660 3865 698 3937 in
718 3865 809 3938 duos
823 3868 998 3939 terminos
1016 3868 1104 3940 alte-

74 3977 136 4053 rius
151 3980 317 4068 rationis,
335 3977 375 4051 id
393 3990 461 4066 est,
479 3977 700 4050 antecedens
715 3979 753 4050 iu
770 3980 1048 4053 antecedentem
1067 3994 1104 4052 et

75 4113 289 4192 consequens
306 4093 345 4164 in
369 4102 667 4187 consequentem,
685 4092 824 4164 orietur
842 4094 935 4166 ratio
954 4119 997 4166 ex
1017 4094 1103 4164 dua-

73 4200 129 4278 bus
149 4207 220 4281 illis
247 4204 453 4280 rationibus
474 4205 699 4300 composita;
725 4205 784 4276 vel
802 4207 902 4301 quod
918 4207 1015 4279 idem
1035 4218 1102 4293 est,

74 4318 222 4394 orientur
252 4318 337 4391 duae
369 4318 594 4413 quantitates
630 4341 784 4412 quarum
815 4321 910 4393 ratio
937 4330 1103 4414 aequatur

873 4496 930 4502 -.--Π
949 4495 995 4500 —--
1007 4495 1101 4503 ---—-=

298 4584 317 4619 ⁴
339 4583 419 4641 Edit.
438 4585 514 4641 1660
528 4593 558 4640 et
576 4584 660 4653 1668,
678 4589 696 4615 “
707 4585 743 4641 ab
757 4584 864 4641 hunc.”

945 4700 973 4751 K
990 4704 1005 4749 2
