2618 5092
279 669 608 725 maauauarrcu
628 669 871 722 scuranum.
1035 650 1104 730 127

58 839 187 912 transit
198 837 242 912 in
250 861 380 938 gem
392 837 829 927 mmoammanifeste
838 836 964 933 prodit
974 836 1105 910 harum
1145 861 1266 903 namon

57 976 171 1026 rerum
188 952 454 1049 ignorantiam
469 951 729 1025 invincibilem.
1145 943 1266 1046 „2¹¹-

101 1065 149 1140 B.
176 1064 469 1139 invincibilem?

101 1180 149 1254 A.
175 1179 326 1267 Talem,
356 1178 520 1274 inquam,
541 1200 625 1271 quae
654 1200 678 1249 a
705 1175 842 1249 nullius
867 1175 1027 1249 hominis
1053 1176 1106 1248 al·

61 1292 168 1365 terius
196 1291 418 1390 ignorantia
450 1289 615 1386 superari
644 1300 779 1385 potest.
848 1288 1105 1388 Comparatio,

63 1405 189 1501 inquit,
216 1429 293 1479 nou
323 1427 418 1477 raro
445 1401 622 1498 relinquit
649 1412 949 1498 comparatorum
973 1426 1106 1500 genus.

65 1517 240 1591 Concedit
258 1539 350 1612 ergo
368 1513 467 1610 quod
483 1514 657 1609 relinquit
675 1526 973 1613 comparatorum
989 1539 1107 1611 genus

65 1629 271 1728 aliquando.
324 1628 421 1702 Sunt
437 1650 526 1723 ergo
550 1628 782 1725 comparatio
798 1640 837 1701 et
854 1638 1107 1726 comparatum

67 1742 259 1841 aliquando
281 1742 523 1836 homogenea.
574 1740 754 1814 Praeclare
778 1764 846 1837 pro
876 1742 995 1838 gradu
1021 1741 1106 1815 doc-

68 1857 168 1931 torali
185 1868 225 1930 et
241 1854 366 1928 officio
382 1852 598 1950 professoris
614 1854 840 1950 geometriae.

113 1969 161 2043 B.
186 1967 285 2042 Vide
302 1991 441 2065 quaeso,
458 1965 601 2040 omissis
626 1991 709 2063 quae
726 1967 787 2041 ille
805 1967 953 2056 erravit,
972 1991 1019 2039 an
1038 1990 1108 2062 ego

72 2106 210 2157 sensum
225 2093 334 2155 tnnm
352 2078 484 2153 dehac
501 2103 542 2152 re
559 2080 647 2153 satis
665 2081 820 2177 capiam.
847 2080 992 2152 Videris
1009 2080 1108 2152 enim

72 2206 108 2268 tn
133 2195 269 2269 sentire
293 2193 475 2268 rationem
498 2193 646 2282 rationi,
673 2193 935 2289 geometricam
961 2216 1109 2288 geome-

74 2307 178 2396 trieae,
196 2320 235 2382 et
258 2306 442 2381 rationem
467 2306 615 2395 rationi,
637 2307 908 2381 arithmeticam
933 2306 1109 2380 arithme-

76 2420 159 2509 tica,
174 2422 447 2516 homogeneam
463 2443 554 2492 esse.

118 2535 163 2609 Α.
188 2534 260 2608 lta.

117 2647 162 2720 B.
186 2648 237 2722 Et
254 2647 440 2721 rationem
466 2647 729 2743 geometricam
745 2646 988 2720 arithmeticae
1007 2646 1109 2719 hete-

80 2780 273 2856 rogeneam.

119 2872 164 2946 Α.
188 2873 325 2948 Etiam.

119 2983 160 3058 B.
184 2985 234 3059 Et
261 2986 302 3059 in
330 2985 493 3082 quantia,
510 2985 646 3057 lineam
662 2983 781 3072 liueae,
800 2985 1030 3081 superficiem
1048 3008 1108 3057 su-

83 3099 237 3188 perficiei,
255 3109 295 3171 et
311 3096 471 3171 solidum
493 3096 611 3172 solido
630 3098 883 3192 homogenea3
910 3096 975 3170 sed
992 3097 1109 3170 altera

83 3206 188 3285 ulteris
203 3212 464 3307 heterogenea.

120 3324 163 3397 Α.
190 3323 389 3413 Nimirum,
407 3323 460 3395 sio
478 3321 642 3395 sentiunt
658 3343 796 3395 omnes.

119 3437 163 3510 B.
189 3437 265 3512 Sed
292 3436 551 3533 quantitatem,
576 3434 617 3508 in
642 3434 840 3524 abstracto,
858 3437 1108 3531 cujuscunque

83 3549 124 3622 rei
138 3551 347 3648 quantitati,
364 3551 404 3622 in
421 3549 618 3638 abstracto,
638 3547 834 3644 cujuslibet
862 3548 1012 3622 alterins
1041 3549 1106 3638 rei,

83 3657 333 3762 homogeneam
346 3686 436 3752 esse,
448 3662 605 3758 ideoque
618 3661 810 3751 linearum,
821 3662 1109 3758 superficierum,

82 3777 277 3867 solidorum,
304 3775 492 3872 temporis,
516 3785 650 3864 motus,
667 3775 735 3864 vis,
751 3775 936 3871 ponderiS,
954 3776 1109 3865 roboris,

82 3890 283 3965 resistentia
300 3889 527 3987 quantitates
551 3912 630 3961 esse
655 3889 916 3985 homogeneas,
933 3891 1003 3964 etsi
1019 3891 1110 3986 ipsae

83 4021 128 4075 res
152 4005 227 4078 sint
252 4004 523 4098 heterogeueae.
575 4002 682 4092 ltem,
699 4002 885 4099 loquendo
912 4004 957 4077 de
980 4004 1110 4078 iisdem

84 4115 177 4190 rebus
192 4115 399 4213 pluraliter,
417 4113 641 4211 quantitates
657 4115 817 4210 plurium
835 4117 1026 4204 linearum,
1050 4140 1110 4187 su-

83 4229 310 4318 perficiernm,
322 4226 535 4315 solidomm,
546 4238 765 4322 temporum,
776 4238 955 4319 motuum,
965 4229 1110 4313 virium,

84 4343 283 4432 ponderum,
307 4341 610 4430 resistentiamm,
637 4363 716 4414 esse
746 4342 1006 4439 homogeneas,
1031 4351 1111 4410 tum

85 4449 164 4531 iuter
178 4481 229 4548 se,
247 4456 458 4531 tumetium
476 4477 651 4542 numer03
678 4480 870 4530 numerum
894 4469 1018 4529 autem
1035 4476 1110 4525 uon
