2618 5092
369 686 423 740 ns
441 687 612 743 narona
630 687 768 741 annis.
1018 676 1086 742 251

63 858 155 949 culce,
193 856 306 932 facile
343 858 576 954 persuadeor.
654 857 727 932 Sed
764 857 863 954 quod
893 857 931 931 in
970 857 1092 931 medio

62 973 190 1046 ethere
223 994 382 1061 sursum,
416 970 598 1059 deorsum,
642 995 933 1068 quaquaversum
966 982 1090 1061 motae,

60 1109 121 1160 uec
145 1109 292 1182 semper
309 1085 434 1158 alterae
454 1084 577 1158 alteris
595 1085 805 1174 innitentes,
822 1084 1021 1180 graviteut,
1039 1084 1093 1156 in·

60 1199 298 1297 conceptibile
323 1210 390 1272 est.
441 1199 559 1295 Ligna
585 1209 624 1272 et
653 1223 807 1296 corpora
837 1211 972 1271 caetera
997 1222 1094 1294 aqua

58 1313 203 1403 leviora,
220 1312 376 1409 ponderi
393 1324 516 1386 tamen
540 1312 653 1386 totius
669 1312 814 1386 addunt
838 1310 989 1408 aliquid,
1007 1312 1095 1407 quia

58 1439 254 1524 utrumqne
280 1449 414 1523 corpus
438 1449 551 1522 grave
575 1437 642 1500 est.
696 1427 748 1499 At
770 1426 808 1499 iu
826 1425 987 1498 aetherea
1009 1424 1095 1498 sub-

60 1539 203 1629 stantia,
228 1563 312 1635 quae
338 1539 460 1635 gravis
487 1562 561 1612 non
587 1549 654 1627 est,
684 1538 754 1611 uisi
777 1538 865 1611 dum
888 1535 1094 1625 subsidunt,

59 1654 242 1749 gravitate
259 1675 334 1725 nou
351 1663 516 1748 possunt.
570 1651 764 1726 Quomodo
781 1652 890 1740 enim,
905 1650 994 1723 dum
1020 1674 1096 1723 non

59 1765 265 1854 subsidunt,
282 1766 313 1838 si
330 1765 489 1862 gravitas
517 1775 669 1838 conatus
696 1765 743 1838 sit
774 1763 955 1852 deorsum,
974 1763 1098 1836 diceu-

61 1890 119 1952 tnr
144 1879 344 1976 gravitate,
375 1887 440 1952 aut
467 1902 590 1952 aerem
623 1877 863 1973 comprimere
887 1900 1096 1973 quanquam

60 1991 225 2065 laneum?
677 2065 680 2071 ,

106 2105 156 2178 Β.
184 2103 359 2200 ludigent
375 2103 455 2177 haec
481 2103 720 2177 meditatione
749 2104 900 2198 majore,
919 2126 1029 2198 quam
1055 2111 1098 2173 ut

63 2217 181 2292 subito
198 2217 389 2291 assentiar.
422 2218 559 2290 Verum
576 2240 772 2314 pergamus
787 2216 836 2288 ad
846 2214 1099 2311 experimenta

63 2343 197 2422 nostra,
215 2339 259 2402 ut
274 2329 462 2403 videamus
475 2354 522 2403 au
536 2353 656 2403 causae
674 2353 800 2402 earum
823 2327 928 2402 reddi
956 2328 1099 2425 possint

63 2467 124 2540 per
137 2442 409 2540 suppositiones
423 2442 530 2516 tuas?
581 2443 629 2515 Et
644 2442 763 2538 primo
776 2489 826 2500 —

110 2559 160 2632 A.
189 2557 325 2643 Primo,
353 2557 450 2653 ipsas
474 2556 541 2629 tibi
571 2556 839 2652 suppositiones
868 2554 985 2628 debeo
1014 2577 1100 2651 pro-

64 2695 199 2768 ponere
229 2681 279 2759 et,
306 2683 349 2743 ut
382 2695 444 2744 eas
473 2669 669 2765 intelligas,
697 2668 893 2765 explicare.
944 2667 1102 2740 Nostia

65 2783 272 2881 Copemico
315 2782 563 2856 introductam
605 2805 684 2854 esse
721 2780 954 2877 hypothesim
993 2779 1101 2867 hauc,

64 2919 193 2994 nempe
212 2908 349 2969 terram
365 2908 468 2969 motu
486 2919 607 2968 annuo
633 2895 834 2991 circumagi
852 2894 951 2967 circa
973 2893 1102 2981 solem,

65 3010 114 3085 itu
122 3021 166 3084 ut
176 3009 255 3083 axis
267 3011 345 3106 ejus
358 3032 500 3105 semper
513 3008 583 3081 sihi
595 3008 736 3082 feratur
747 3007 954 3104 parallelus.
991 3006 1103 3081 Quod

65 3135 186 3197 autem
201 3122 247 3196 de
264 3147 332 3196 axe
349 3122 454 3210 dixit,
466 3145 594 3196 verum
608 3144 753 3218 quoque
766 3131 821 3193 est
841 3119 887 3192 de
905 3120 1005 3192 omni
1031 3118 1104 3191 alia

65 3235 161 3310 linea
174 3246 278 3309 recta
293 3236 332 3309 iu
349 3258 503 3332 corpore
516 3234 657 3308 telluris
672 3233 915 3306 considerata.

111 3350 163 3422 B.
192 3349 278 3422 Scio
296 3350 378 3435 hoc,
395 3360 505 3443 atque
525 3346 762 3445 hypothesim
791 3345 892 3418 illam
919 3366 987 3440 pro
1014 3364 1103 3416 vera

65 3463 192 3539 baberi
202 3462 314 3536 hodie
327 3486 349 3535 a
363 3460 481 3535 doctis
497 3461 574 3534 fere
588 3460 769 3534 omnibus.

110 3578 159 3651 A.
187 3577 335 3650 Motum
359 3576 459 3649 huuc
489 3574 651 3671 appellat
682 3573 853 3647 Hobbius
881 3568 1104 3645 circularem

66 3688 279 3790 simplicem,
306 3690 392 3786 quia
420 3711 527 3762 omne
554 3699 733 3785 punctum
760 3700 882 3776 terrae,
910 3685 997 3758 dum
1026 3696 1107 3757 tota

66 3805 154 3878 facit
171 3827 279 3876 sunm
292 3802 481 3891 circulum,
493 3801 668 3874 describit
688 3801 746 3895 (ut
756 3800 803 3873 ab
822 3824 865 3873 eo
879 3799 1106 3874 demonstra-

66 3929 144 3990 tum
175 3928 234 3991 est
258 3916 353 3989 libro
382 3939 436 3989 ns
467 3937 672 4006 conpone,
696 3939 777 4010 cap.
794 3915 835 3988 ii.
852 3924 922 3988 art.
940 3917 974 4008 l)
1000 3936 1105 3987 suum

68 4053 213 4127 quoque
240 4029 428 4103 circulum.
454 4028 593 4102 Eodem
616 4029 749 4125 capite,
767 4040 837 4102 art.
860 4036 917 4116 10,
944 4025 1107 4100 ostendit

66 4168 88 4216 a
113 4155 220 4218 motu
247 4141 418 4215 circulari
447 4142 612 4238 simplice
627 4152 769 4215 motum
801 4141 971 4238 generari
996 4141 1107 4212 etiarn

67 4256 287 4331 circularem
321 4255 532 4354 ainrplicem.
607 4256 738 4353 ltaque
777 4279 860 4330 cum
895 4254 941 4328 ab
975 4252 1106 4325 iisdem

67 4370 185 4445 doctis
203 4393 315 4443 cansa
330 4382 453 4443 motus
477 4370 591 4443 annui
618 4381 771 4467 putatur
797 4392 875 4442 esse
902 4364 968 4455 sol,
995 4365 1107 4437 talem

67 4506 211 4582 quoque
227 4493 369 4555 motum
381 4484 533 4557 ascribit
549 4483 628 4557 soli.
679 4484 728 4556 Et
744 4481 800 4555 his
818 4478 966 4576 quidem
991 4478 1108 4576 hypo-

67 4598 232 4672 thesibus
244 4620 319 4669 uon
337 4596 385 4669 ad
404 4597 496 4687 haec,
514 4597 579 4670 sed
596 4596 644 4672 ad
671 4595 743 4669 alia
767 4595 1010 4692 phaenomena
1036 4591 1107 4666 sal-
