2618 5092
340 659 622 713 PROBLEMATA
642 659 834 712 ΡΗιιειοΑ.
1040 647 1107 711 341

101 820 151 896 Β.
180 824 286 899 Quia
298 834 430 922 putens
442 824 649 922 profundus
662 838 720 898 est
730 826 847 899 instar
859 826 961 899 urcei
972 827 1110 922 magni,
1166 852 1234 892 car.
1250 851 1277 892 v.

58 938 161 1032 cujus
190 939 425 1034 superficiem
454 939 630 1011 extimam
653 937 784 1011 radere
801 961 865 1012 aer
881 962 957 1011 non
974 951 1110 1035 potest,
1152 920 1277 1025 ss}

56 1049 127 1121 nisi
154 1061 272 1139 terra,
301 1075 374 1147 qna
403 1050 642 1124 circundatus
669 1062 726 1123 est
755 1073 899 1142 urceus,
927 1052 1035 1125 valde
1062 1053 1111 1126 sit
1169 1045 1270 1090 ⁰²¹¹¹⁰¹¹³·

58 1162 270 1260 spongiosa.

107 1276 158 1349 A.
187 1277 265 1350 Cur
281 1301 356 1350 non
374 1277 593 1374 congelatur
609 1277 748 1367 vinum,
767 1277 862 1350 sicut
879 1278 999 1373 aqua?

109 1388 160 1461 B.
186 1390 312 1463 Etiam
325 1391 452 1464 vinum
470 1390 736 1486 congelabitur‚
752 1390 783 1463 si
798 1389 916 1486 frigus
936 1415 1109 1487 magnum

60 1501 107 1574 sit
134 1515 174 1576 et
203 1502 432 1577 diuturnum.
485 1503 560 1577 Sed
595 1514 716 1577 motus
746 1504 915 1577 internus
948 1507 1109 1602 partium

59 1615 145 1705 vini,
164 1616 265 1690 sicut
288 1628 326 1689 et
353 1616 554 1689 multorum
579 1616 737 1689 aliorum
762 1617 960 1714 liquorum,
979 1619 1110 1692 fortior

59 1739 124 1814 est,
144 1742 183 1802 et
200 1729 242 1802 in
262 1730 462 1824 majoribus
487 1729 646 1818 circuliS,
665 1753 775 1825 quam
802 1741 925 1803 motus
948 1732 1109 1826 partium

60 1867 188 1939 aquae:
218 1853 259 1917 et
287 1855 484 1939 propterea
506 1843 628 1915 minus
644 1843 751 1916 facile
776 1843 991 1930 indurescit,
1014 1868 1109 1940 prac-

60 1956 187 2029 sertim
213 1979 331 2052 usque
356 1956 405 2029 ad
430 1969 612 2029 centrum.
664 1957 792 2029 Partes
810 1957 909 2028 enim
925 1955 1002 2028 vini
1019 1981 1108 2052 qna-

59 2091 138 2142 rum
156 2080 216 2143 est
235 2083 358 2142 motus
376 2069 436 2141 ille
453 2069 571 2158 fortis,
589 2070 773 2165 recipiunt
796 2093 836 2142 se
861 2069 909 2143 ad
926 2080 1107 2142 centrum.

59 2182 142 2256 Vini
159 2193 289 2257 antem
307 2182 407 2280 quod
424 2181 499 2255 illic
517 2193 585 2272 est,
599 2182 741 2279 reliquo
759 2182 967 2278 congelato,
986 2182 1108 2255 fortis-

59 2295 192 2370 simum
211 2307 279 2369 est.

491 2870 596 2944 CAP.
611 2872 676 2945 VI.

108 3069 394 3124 Pnoutltmu'rn
413 3070 467 3121 DE
487 3070 831 3141 PLUV1A,VENTO,
851 3073 1052 3134 ALllSQUE

379 3171 485 3223 COELI
505 3171 833 3226 VARIETATIBUS.

107 3317 159 3389 A.
188 3315 305 3390 Qum
324 3312 486 3410 pluviam
504 3313 627 3402 efficit,
646 3325 683 3386 et
700 3315 915 3409 quomodo?

108 3429 159 3503 B.
188 3429 337 3501 Motum
354 3425 448 3499 aeris
463 3426 626 3523 (qualem
643 3439 729 3500 ante
748 3427 956 3526 descripsi),
970 3454 1108 3502 conan-

58 3551 133 3615 tem
167 3540 218 3614 ad
250 3539 413 3636 partium
448 3539 544 3613 aeris
575 3540 869 3637 diremptionem,
900 3544 1108 3616 necessario

59 3655 227 3751 sequitur
267 3664 423 3725 conatus
463 3662 662 3749 perpetuus
700 3655 801 3750 (quia
834 3656 937 3729 locus
971 3681 1108 3729 vacuus

58 3768 181 3841 nullus
210 3766 283 3857 est)
311 3765 474 3839 omnium
499 3767 660 3861 partium
682 3767 880 3841 fluidarum
911 3783 1108 3866 quaesunt

58 3881 95 3954 in
121 3878 317 3977 superficie
348 3877 502 3968 telluris,
522 3878 569 3951 ad
597 3879 660 3953 illu
686 3879 768 3953 loca
794 3881 999 3977 supplenda
1026 3907 1108 3979 qnae

59 3994 195 4090 alioqui
222 4002 346 4066 essent
363 4014 492 4064 vacua.
546 3992 645 4064 Hinc
671 3993 726 4081 fit,
744 4005 787 4066 ut
804 3995 916 4067 maris
934 4007 971 4067 et
997 4006 1108 4068 terrae

59 4119 182 4204 partes
208 4104 436 4178 fluidissimae
464 4114 501 4177 et
531 4106 786 4180 minutissimae
813 4119 1004 4203 surgentes
1031 4109 1108 4180 aeri

62 4245 98 4294 se
113 4219 370 4294 immisceant:
399 4242 481 4314 quae
499 4218 665 4291 collectae
681 4220 775 4292 fiunt
794 4222 921 4293 nubes.
963 4221 1107 4291 Harum

61 4358 144 4430 pars
177 4332 340 4406 maxima
374 4331 459 4404 inde
488 4331 607 4404 oritur
632 4332 696 4405 ubi
726 4335 887 4406 maxima
914 4345 971 4405 est
1001 4357 1107 4428 aquae

63 4447 260 4544 quantitas,
295 4446 481 4532 nimirum,
513 4470 536 4517 a
565 4447 732 4541 partibus
762 4447 891 4519 oceani
926 4447 1107 4536 maximiS,

66 4586 143 4656 quae
172 4570 261 4636 sunt
285 4582 384 4633 mare
413 4559 594 4648 Indicum,
612 4584 713 4634 mare
732 4559 914 4647 Australe,
942 4574 980 4634 et
1007 4585 1107 4634 mare
