2618 5092
73 840 143 884 cnr.
158 843 180 884 1.

52 908 197 946 »ar-⁴

54 980 188 1041 ”tum

238 636 311 704 392
380 652 435 705 uu
454 654 686 708 eurucums
706 654 759 709 ur
775 652 1147 709 unmoorrrmouu

237 816 269 890 si
291 816 384 891 nihil
409 819 469 909 sit,
486 819 525 894 in
547 819 621 895 duo
647 820 775 895 nihile.
826 820 952 895 Etiam
978 820 1143 895 circulus
1168 820 1269 895 secari

237 942 358 1028 potest
387 932 426 1006 in
457 947 618 1009 sectores
648 947 909 1033 quotcunque:
935 945 974 1009 et
1003 933 1175 1033 proinde,
1197 956 1269 1007 cum

238 1045 357 1118 omnis
374 1059 496 1120 sector
510 1047 654 1121 desinat
670 1049 709 1122 in
727 1060 919 1145 puuctum,
932 1048 1124 1123 secabitur
1139 1070 1270 1146 quoque

236 1172 403 1232 centrum
421 1161 459 1233 in
480 1160 634 1234 totidem
652 1172 803 1257 puncta,
819 1172 945 1259 partas
967 1160 1129 1236 totidem
1144 1160 1270 1247 ceutri;

236 1273 311 1346 sive
329 1286 496 1347 centrum
515 1272 606 1346 illud
623 1274 809 1370 quantitas
821 1274 883 1364 sit,
900 1272 979 1347 sive
995 1272 1104 1349 nihil.

286 1385 461 1460 Definitio
489 1410 577 1483 ergo
597 1384 733 1485 puncti
751 1386 852 1484 apud
874 1385 1082 1476 Euclidem,
1110 1382 1273 1483 quemsdss

239 1497 390 1571 modum
423 1523 505 1572 eam
530 1499 742 1597 intelligunt
763 1510 964 1597 geometrae
985 1510 1074 1599 post
1092 1496 1273 1573 Euclidem

236 1637 374 1704 omues,
402 1614 537 1689 vitiosa
565 1628 635 1689 est.
687 1616 811 1691 Quam
839 1626 978 1703 tamen,
1005 1616 1040 1689 si
1067 1613 1213 1688 nullum
1240 1612 1273 1685 in

235 1726 439 1824 geometria
456 1750 619 1801 errorem
636 1727 850 1824 peperisset,
867 1727 1145 1825 praeteriissem.

286 1840 463 1914 Definitio
486 1839 620 1939 puncti
635 1862 735 1930 vera,
753 1850 793 1914 et
818 1863 901 1937 quae
917 1840 1053 1914 vitium
1074 1839 1218 1914 nullum
1240 1836 1274 1911 iu

237 1954 568 2029 demonstrationes
585 1952 733 2028 illatura
749 1954 810 2043 sit,
823 1953 909 2029 talis
922 1976 1003 2028 esse
1020 1952 1154 2028 debet:
1165 1975 1274 2051 punc·

235 2180 549 2255 demonstratione
566 2179 843 2255 consideranda
859 2190 941 2254 ert.-
967 2179 1008 2255 id
1030 2189 1104 2267 est,
1118 2177 1274 2253 conside·

234 2293 390 2367 randum
409 2307 476 2384 est,
493 2317 570 2367 non
585 2306 629 2367 ut
645 2306 836 2390 punctum,
852 2292 951 2390 quod
969 2292 1103 2368 Graece
1120 2308 1213 2383 νυγμι)
1228 2290 1276 2365 di·

235 2407 356 2490 citur;
383 2431 503 2503 neque
537 2418 578 2479 ut
602 2424 716 2496 στιγμὴ,
740 2431 823 2504 quae
851 2407 980 2480 Graece
1003 2419 1063 2479 est
1095 2405 1274 2480 distinctio

234 2520 408 2603 visibilis;
436 2544 519 2617 quae
544 2520 652 2593 ambo
670 2528 809 2617 quanta
833 2532 936 2593 sunt:
964 2518 1031 2592 sed
1056 2533 1102 2592 ut
1126 2521 1273 2616 signum,

235 2631 335 2729 quod
352 2633 478 2706 Graece
504 2646 561 2706 est
578 2647 704 2722 σημεῖον,
724 2657 797 2728 quo
815 2633 928 2706 verbo
951 2633 1073 2706 utitur
1099 2633 1274 2707 Euclides.

236 2743 390 2840 Signum
408 2745 505 2817 enim
523 2744 653 2841 quanti
671 2768 804 2817 nomen
819 2768 893 2818 non
912 2757 980 2819 est.

284 2856 351 2929 Est
374 2857 471 2929 enim
497 2856 712 2953 geometria,
731 2855 888 2929 scientia
905 2882 982 2953 qua
1003 2881 1052 2930 ea
1076 2856 1209 2955 aliqua
1225 2854 1277 2929 ael

235 2966 420 3065 aliquibus
438 2969 663 3043 mensuratis
674 2992 749 3065 per
766 2968 1092 3042 ratiocinationem
1107 2969 1274 3043 determi-

233 3105 363 3154 namus
394 3084 620 3179 quantitates
644 3082 746 3156 aliar
771 3108 841 3156 non
864 3092 1115 3156 memuratar.
1168 3084 1276 3157 Recte

234 3194 347 3290 igitur
364 3197 503 3294 incepit
525 3196 697 3270 Euclides
715 3221 738 3269 a
755 3195 969 3269 definitione
993 3220 1192 3287 maurae,
1210 3220 1276 3293 qua

234 3322 495 3384 mensurantur
511 3308 782 3406 longitudines:
802 3321 841 3381 et
855 3309 974 3405 primo
989 3307 1087 3398 loco,
1104 3334 1276 3383 mearum

233 3419 330 3493 illius
348 3423 548 3497 terminum
562 3422 715 3509 definiit,
734 3435 773 3496 et
788 3421 936 3520 signum
952 3445 1033 3495 esse
1051 3422 1160 3497 dixit.
1210 3421 1277 3497 Sed

234 3535 338 3628 cujus
361 3536 415 3610 rei
443 3536 617 3632 signum?
670 3534 838 3632 Signum,
856 3559 879 3608 a
895 3559 969 3630 quo
998 3558 1185 3612 mensurae
1211 3550 1276 3611 ter-

235 3646 357 3719 minus
373 3672 469 3721 unus
487 3661 551 3722 aut
569 3650 662 3723 alter
679 3660 892 3722 mensurato
909 3648 1134 3745 applicatur.

286 3760 469 3834 Praeterea
485 3763 516 3834 si
526 3773 706 3861 punctum
723 3762 943 3835 indivisibile
956 3775 1067 3851 esset,
1081 3763 1121 3837 id
1133 3777 1202 3854 est,
1214 3786 1276 3836 aaa

236 3881 417 3968 quantum,
444 3873 575 3963 idest,
600 3874 717 3948 nihil:
750 3887 966 3970 sequeretur
994 3875 1216 3973 (supposito,
1239 3886 1276 3947 ut

234 4010 334 4059 nunc
357 3998 569 4082 supponunt
593 3987 792 4081 scriptores
815 3987 1080 4078 mathematici,
1099 3989 1277 4086 quantita·

234 4110 310 4172 tem
329 4097 442 4171 dividi
460 4099 497 4171 in
521 4098 719 4189 infinitum,
739 4112 780 4173 ut
797 4113 976 4196 punctum
1001 4102 1050 4175 sit
1068 4127 1156 4199 pars
1177 4104 1277 4176 lineat

235 4212 379 4284 infinite
397 4211 545 4307 exigua)
566 4224 709 4308 partem
728 4213 871 4286 infinite
888 4213 1063 4310 exiguam
1081 4215 1191 4291 linere
1207 4238 1277 4289 rec·

235 4337 296 4414 tae,
321 4338 359 4400 et
375 4325 596 4422 quadratum
621 4326 721 4420 quod
743 4329 790 4401 sit
816 4327 969 4401 minima
994 4353 1084 4425 pars
1102 4328 1276 4428 quadrati,

235 4449 274 4510 et
297 4441 432 4514 cubum
450 4440 514 4536 qui
541 4439 588 4514 sit
614 4438 767 4516 minima
789 4465 875 4539 pars
898 4441 996 4531 cubi,
1015 4467 1099 4521 esse
1123 4445 1222 4521 iuter
1241 4465 1276 4517 se

235 4553 401 4648 aequalia.
