2618 5092
300 647 617 700 Maunnuaslca
638 649 881 701 homanum.
1090 639 1111 703 5

55 845 58 849 ’
107 812 155 889 Β.
182 814 368 888 Omnino.
1148 847 1279 891 maweu

108 927 159 1003 A.
184 928 464 1002 Mathemutam
477 926 617 1017 studia,
635 952 705 1000 aon
722 926 829 1000 modo
840 951 917 1025 pro
934 953 981 1002 ea
1000 955 1112 1028 quam
1151 929 1279 1031 ,ζ-

62 1042 97 1114 ia
112 1066 156 1114 ae
173 1040 316 1114 habent
328 1041 498 1130 veritate,
511 1039 664 1113 colenda
679 1065 772 1130 ease,
791 1065 867 1137 pute
880 1049 1013 1133 tumen,
1026 1043 1111 1142 iptea

55 1179 129 1252 per
143 1179 186 1226 ae
196 1154 400 1252 conspicua
409 1163 446 1227 et
458 1152 560 1227 ultra
571 1153 815 1250 scepticorum
828 1153 959 1253 litigia
965 1157 1111 1253 posita,

61 1268 222 1340 animum
249 1266 396 1361 rtficiet
419 1265 530 1339 valde
553 1275 590 1339 et
617 1264 816 1340 oblectabit
827 1293 842 1349 ;
868 1267 939 1339 sed
956 1278 994 1341 et
1015 1270 1114 1365 quod

61 1405 183 1452 rerum
210 1379 374 1453 aliarum
399 1379 602 1478 cognitioni
623 1405 694 1452 aon
717 1405 787 1452 uno
810 1380 955 1476 quidem
971 1383 1111 1457 nomiae

55 1494 268 1567 ,conducant
290 1491 547 1566 multam-Id
571 1492 671 1588 quod
689 1492 735 1565 de
758 1492 881 1565 studio
905 1495 1107 1570 mathema-

62 1608 144 1680 ticae
161 1607 224 1679 hic
244 1605 349 1693 dicit,
376 1630 499 1679 nonne
525 1605 594 1678 tibi
612 1604 757 1678 videtur
775 1605 849 1679 dici
870 1606 980 1680 etiam
1000 1633 1109 1705 posse

62 1718 104 1790 de
122 1719 250 1793 studio
267 1717 441 1815 physicae,
458 1717 518 1790 vel
535 1717 680 1803 ethicae,
698 1718 756 1790 vel
779 1717 951 1814 politicae,
970 1721 1027 1794 vel
1045 1721 1109 1795 de-

62 1832 170 1928 nique
190 1831 356 1905 scientiae
374 1829 655 1927 cujuscunque?

107 1946 158 2018 B.
187 1945 288 2018 Non.
340 1944 437 2018 Nam
468 1945 698 2017 theoremata
726 1943 900 2040 physicae,
933 1947 1021 2040 quia
1049 1971 1107 2020 ac·

61 2059 179 2132 tiones
197 2057 386 2131 naturales
403 2057 586 2154 pleraque
607 2081 753 2130 sensum
770 2057 944 2151 fugiunt;
972 2058 1106 2151 ethica,

60 2185 210 2269 propter
221 2171 605 2244 voluntatishumanae
616 2171 923 2255 inconstantiam
942 2172 1105 2267 politica,

60 2297 211 2383 propter
237 2285 369 2359 ethicae
395 2284 687 2381 ignorationem
714 2307 832 2379 pauca
858 2296 1014 2380 possunt
1044 2283 1105 2358 de·

58 2398 270 2473 monstrari.
332 2398 527 2486 Praeterea,
560 2398 675 2470 habet
708 2397 969 2470 mathematica
1003 2408 1106 2472 certa

58 2512 227 2608 quaedam
242 2523 280 2584 et
296 2510 506 2584 indubitata
519 2509 795 2583 demonstrandi
806 2510 998 2607 principia,
1013 2535 1103 2607 qua-

56 2625 103 2698 lia
115 2635 205 2698 sunt
216 2623 464 2719 definitiones,
475 2622 915 2720 aciomatu,petitiones;
932 2647 1016 2719 quae
1027 2649 1103 2700 non

58 2736 168 2812 habet
196 2760 317 2833 neque
344 2737 507 2834 politica,
533 2760 652 2832 neque
679 2735 813 2825 ethica,
842 2760 961 2833 neque
989 2738 1102 2811 etiam

57 2850 219 2946 physica.
273 2849 398 2923 Quare
415 2849 713 2922 mathematicam
736 2860 842 2922 extra
863 2849 982 2946 litigia
998 2874 1102 2947 scep-

58 2963 216 3037 ticorum
234 2961 350 3035 solam
365 2962 527 3035 eminere
543 2975 643 3035 recte
661 2962 763 3035 dicit.

104 3078 154 3150 Α.
184 3078 319 3150 Nonne
349 3078 460 3149 etiam
487 3078 640 3151 rationis
667 3077 774 3150 lineae
801 3075 849 3149 ad
871 3076 1018 3164 lineam,
1043 3078 1105 3150 vel⁴

57 3191 252 3287 cujuslibet
282 3190 545 3285 magnitudinis
576 3191 625 3264 ad
654 3191 764 3263 aliam
795 3187 1100 3283 magnitudinem,

56 3313 182 3392 ἀκρίβεια
201 3325 350 3377 sensum
371 3302 494 3399 fugit?
546 3303 671 3376 Potest
693 3315 819 3374 tamen
844 3299 1098 3375 demonstrari.

57 3417 113 3489 An
131 3441 209 3490 non
227 3430 266 3489 et
284 3440 380 3490 verae
397 3417 559 3513 physicae
577 3439 643 3489 sua
660 3417 757 3488 inest
774 3415 921 3503 veritas,
940 3439 1024 3511 quae
1041 3416 1100 3489 vel

57 3529 272 3601 affirmative
294 3528 352 3602 vel
373 3529 544 3624 negative
562 3527 747 3601 enuntiari
764 3527 913 3623 potest?
964 3527 1100 3602 Nonne

56 3639 173 3739 litigat
204 3665 288 3715 cum
318 3642 587 3716 mathematicis
622 3665 698 3714 non
729 3641 849 3714 minus
875 3663 985 3735 quam
1015 3665 1100 3714 cum

57 3753 274 3851 dogmaticis
293 3756 426 3830 Sextus
436 3755 642 3852 Empiricos
666 3752 875 3850 scepticusi
916 3752 1100 3828 Praeterea

56 3890 128 3942 non
146 3869 268 3942 minus
286 3870 448 3943 oblectat
459 3870 623 3943 animum
639 3869 678 3941 in
691 3867 864 3964 physicis,
877 3867 937 3940 vel
954 3868 1097 3958 ethicis,

56 3983 111 4055 vel
128 3982 300 4079 politicis,
323 3984 473 4057 inventa
491 3982 638 4072 veritas,
662 4005 772 4078 quam
795 3981 833 4054 in
850 3981 1096 4077 geometricis.

103 4096 152 4169 B.
180 4097 260 4171 Imo
291 4098 432 4192 magis;
459 4111 599 4193 quanto
627 4097 767 4169 scilicet
794 4096 833 4168 in
864 4095 935 4169 illis
963 4097 1097 4191 saepius

57 4223 209 4299 erratur,
228 4234 339 4306 quam
356 4211 394 4282 in
412 4211 625 4307 geometria.

104 4325 151 4397 A.
179 4324 301 4397 Etiam
328 4325 518 4413 vocabula,
546 4324 679 4420 quibus
706 4323 744 4395 in
772 4322 934 4420 physica,
961 4320 1095 4409 ethica,

58 4435 203 4529 politica
229 4436 448 4534 philosopho
475 4435 654 4510 utendum
676 4448 744 4526 est,
772 4461 819 4509 an
848 4434 993 4506 definiri
1020 4456 1096 4506 non

59 4549 234 4643 possunt?

105 4663 152 4736 B.
178 4663 348 4738 Possunt.
