2618 5092
248 658 320 727 306
527 672 1022 731 naonnsmararnrsrcA.

1299 778 1303 875 i

60 860 204 965 Q
249 842 498 918 descensionis
514 842 670 919 aliorum
694 868 892 943 corporum
916 843 1027 921 facile
1048 838 1260 917 duonum

51 997 207 1057 mmm,
248 968 381 1052 potest.
432 957 529 1031 Nam
557 958 696 1053 rejecto
723 982 821 1047 aere,
836 982 987 1033 necesse
1003 970 1064 1033 est
1083 956 1137 1049 (m
1151 950 1260 1029 mundo
1301 1014 1303 1041 ἰ

247 1069 372 1166 pleno)
392 1082 435 1143 ut
457 1071 497 1143 in
526 1072 655 1168 rejecti
680 1071 804 1147 locum
821 1096 865 1147 ea
882 1070 1087 1147 succedunt
1101 1092 1181 1169 qua
1193 1066 1262 1143 diii·
1301 1110 1303 1141 ;

246 1184 350 1257 cilius
367 1184 594 1280 rejiciuntur.
1301 1190 1303 1221 ²

296 1296 347 1370 A.
372 1296 511 1369 Verum
533 1296 725 1394 supposito
751 1297 791 1371 in
818 1296 1017 1393 praesentia
1031 1318 1186 1371 vacuum
1205 1314 1260 1367 nm
1301 1282 1303 1367 f

245 1432 335 1496 esse,
356 1409 457 1502 (nam
474 1409 714 1504 quaestionem
731 1407 889 1484 illumin
905 1408 1008 1484 aliud
1023 1420 1169 1505 tempus
1182 1405 1261 1480 diiie
1301 1400 1303 1415 '

245 1522 356 1608 ram),
372 1521 435 1616 qui
454 1521 533 1594 fieri
549 1533 683 1618 potest,
701 1532 744 1595 ut
760 1533 863 1595 terra
874 1544 998 1595 aerem
1011 1533 1080 1595 aut
1094 1520 1261 1595 aiiamreu

246 1657 501 1730 quamcunque
517 1657 592 1707 ase
604 1632 802 1731 projiciat?

297 1746 347 1820 B.
373 1746 576 1821 Ostendam
601 1746 682 1836 tibi,
699 1746 812 1844 idque
842 1745 1013 1844 exemplo
1035 1742 1261 1821 nimisfamili·

244 1860 311 1934 ari.
364 1861 403 1934 Si
422 1872 577 1957 utraque
604 1883 718 1935 mauu
745 1860 889 1958 pelvem
916 1872 1062 1949 tenens,
1077 1860 1119 1933 in
1139 1854 1261 1956 quasit

244 1972 394 2069 paulum
408 1997 527 2070 aquae,
543 1973 646 2048 illam
662 1974 905 2071 circumagam,
923 1972 990 2047 sed
1008 1972 1111 2047 intra
1131 1971 1261 2070 spatium

244 2100 423 2181 quantum
440 2100 545 2185 potes
564 2087 768 2177 minimum,
781 2085 924 2161 videbis
939 2109 1077 2183 aquam
1092 2109 1159 2183 per
1171 2084 1262 2159 uter

243 2199 359 2295 pelvis
376 2224 568 2297 assurgere
586 2213 624 2274 et
642 2200 780 2274 exilire.
815 2200 872 2275 Ex
888 2198 1261 2298 quomanifestumest,

244 2325 385 2387 motum
400 2338 479 2388 esse
497 2314 692 2411 quendam,
709 2337 776 2411 per
794 2337 904 2411 quem
922 2311 960 2386 id
979 2312 1082 2410 quod
1098 2313 1151 2387 sic
1165 2333 1261 2387 more·

244 2439 306 2498 tur
323 2451 479 2523 corpora
495 2428 566 2501 sibi
583 2428 758 2525 contigua
774 2440 813 2501 et
825 2428 940 2501 fluida
956 2451 980 2500 a
995 2451 1035 2501 se
1053 2427 1181 2524 rejicit.

294 2539 342 2612 A.
368 2540 495 2613 Talem
524 2552 666 2614 motum
695 2563 774 2615 esse
801 2554 904 2614 certo
933 2540 1021 2614 scio.
1073 2539 1162 2637 Ejus
1188 2536 1262 2611 enim

243 2652 390 2747 generis
404 2665 460 2726 est
477 2667 597 2726 motus
614 2653 675 2726 ille
691 2677 764 2749 quo
777 2651 938 2747 agricola
954 2652 1119 2725 cribrum
1136 2652 1263 2726 circnm-

243 2764 319 2860 agit
343 2776 385 2837 ut
408 2765 634 2839 frumentum
665 2765 861 2839 cribrando
895 2778 1042 2863 purget.
1088 2765 1262 2859 Namque

241 2878 366 2972 granis
384 2879 559 2951 frumenti
576 2903 733 2976 corpora
748 2878 995 2974 heterogenea
1013 2890 1114 2967 sunt,
1136 2877 1181 2951 ad
1206 2897 1263 2948 me·

242 2990 342 3063 dium
374 2991 485 3064 cribri
513 3006 709 3088 coguntur,
742 3015 859 3086 grana
886 3002 1010 3063 autem
1037 2984 1263 3064 frumentiad

240 3104 357 3177 latera
374 3106 601 3202 rejiciuntur.
648 3104 721 3178 Sed
738 3104 896 3198 figuram
914 3113 1036 3178 motus
1058 3129 1166 3201 quem
1181 3100 1263 3185 dicis,

241 3219 459 3315 applicatam
480 3219 669 3291 videamus
686 3216 734 3290 ad
758 3228 918 3290 terram:
950 3228 993 3289 nt
1017 3230 1158 3291 motum
1183 3215 1263 3289 illum

240 3332 279 3404 in
296 3357 459 3405 convexo
478 3331 644 3428 sphaerae,
661 3353 738 3415 uon
764 3329 803 3401 in
820 3329 925 3425 pelve
942 3353 1106 3405 concava
1122 3326 1263 3405 conside-

239 3468 372 3518 remus.

291 3558 340 3631 B.
361 3559 417 3632 Sit
429 3560 587 3632 circulus
600 3581 716 3654 punc-

240 3671 306 3743 tim
350 3672 569 3769 descriptus
611 3672 715 3766 cujus

240 3797 409 3859 centrum
421 3787 465 3859 Α.
498 3788 602 3860 Intra
618 3787 715 3859 hunc

240 3902 314 3971 sint
358 3911 434 3972 tres
473 3900 601 3973 circuli
648 3899 715 3971 mi-

239 4034 361 4100 nores,
377 4013 419 4100 B,
435 4013 475 4100 C,
487 4014 542 4085 D:
570 4013 633 4108 qui
646 4013 715 4084 cir·

239 4124 313 4197 culi
330 4124 499 4198 tellurem
513 4149 711 4222 repraesen·

240 4248 322 4311 tent
348 4239 608 4334 procedentem
635 4264 658 4311 a
682 4239 712 4311 B
735 4238 748 4337 i
934 4322 940 4333 ,

238 4349 286 4422 ad
304 4326 762 4454 C‚etaCadD,sem-*-.⁴
791 4322 940 4503 jn

237 4488 304 4557 per
344 4478 558 4560 tangentem
594 4466 713 4539 circu·
786 4470 818 4559 'a

236 4575 312 4648 lum
341 4578 443 4650 illurn
474 4580 619 4676 punctis
648 4579 711 4652 de·
