2618 5092
375 112 428 162 nn
448 112 616 164 narona
635 113 770 164 sams.
1026 104 1096 166 243

7 298 10 313 ’
91 281 174 354 nitas
196 280 380 378 perforata
402 293 457 354 est
484 281 531 355 ad
559 282 666 371 latus,
691 283 850 379 oblique,
881 293 922 355 ut
952 285 1098 379 quando

89 417 158 489 opus
180 394 249 469 erit
271 393 416 467 occludi
439 405 476 467 et
496 394 636 467 recludi
662 397 790 493 possit.
842 397 986 470 Partem
1014 420 1097 492 per-

87 505 216 582 foratam
244 507 431 603 appellant
456 507 650 581 valvulam.
705 510 748 582 ln
771 509 967 582 cavitatem
989 509 1098 603 hujus

86 620 160 695 vasu
173 620 373 719 cylindrici,
391 620 438 693 ab
461 644 535 694 una
558 631 662 718 parte
692 622 867 695 inseritur
896 646 978 718 pars
1007 623 1097 706 tubi,

85 754 148 826 quae
158 734 338 830 prominet
355 758 376 806 e
392 734 613 830 recipiente:
631 736 676 808 ab
689 735 805 809 altera
816 747 921 831 parte
935 735 1098 831 adigitur

84 846 244 940 cylindrus
279 846 416 921 solidus
450 871 496 920 ex
522 846 636 943 ligno,
670 849 732 945 qui
766 849 866 922 corio
894 860 1013 921 tectus
1047 849 1099 921 ita

83 972 198 1048 exacte,
214 960 263 1034 ad
285 961 490 1056 ingressum
516 960 610 1033 aeris
635 960 914 1056 prohibendum,
941 960 1098 1058 cylindri

83 1075 255 1148 caviutem
272 1085 452 1170 exaequat,
470 1085 513 1146 ut
529 1072 668 1146 intrudi
685 1087 724 1147 et
746 1073 884 1147 retrahi
906 1074 978 1147 nisi
1009 1075 1097 1147 satis

82 1188 243 1283 mignavi
260 1210 336 1260 non
351 1187 477 1283 possit.
507 1185 702 1283 Cylindrus
718 1187 779 1260 hic
797 1185 933 1260 solidus
945 1200 1099 1261 vocatur

82 1293 202 1390 Stator,
216 1300 353 1397 quippe
370 1300 433 1396 qui
450 1300 645 1374 adhibetur
655 1299 703 1373 ad
719 1324 840 1373 aerem
858 1323 878 1372 e
897 1300 1096 1396 recipiente

81 1414 302 1510 exugendum.
353 1413 603 1488 intellextin’l

116 1526 159 1601 A.
183 1529 252 1602 lta.
316 1528 373 1604 Ex
403 1528 546 1602 duobus
579 1529 727 1602 vasibus
762 1527 945 1616 concavis,
980 1525 1096 1599 altero

79 1635 185 1732 vitreo,
214 1643 406 1739 sphaerico,
436 1643 553 1715 altero
579 1663 695 1729 aeneo,
723 1638 935 1737 cylindrico,
964 1640 1008 1711 fit
1035 1663 1098 1712 vas

80 1767 172 1828 unum
202 1778 431 1840 concavum
457 1754 495 1827 in
525 1755 628 1850 cujus
656 1752 894 1826 commissura
922 1752 1098 1824 transitus

80 1868 139 1940 ueri
153 1868 200 1942 ad
215 1869 362 1943 libitum
379 1869 606 1964 permittitur
622 1866 681 1940 vel
698 1878 874 1962 negatur:
901 1877 939 1938 et
955 1865 1099 1938 valvula

79 1990 131 2068 est,
139 2006 202 2078 per
212 2006 325 2080 quam
338 2006 402 2055 aer
415 2004 531 2055 evase
544 1979 727 2065 inferiore,
739 2003 871 2075 nempe
885 1977 1097 2076 cylindrico,

78 2094 176 2169 emitti
188 2107 326 2193 potest,
339 2093 486 2190 quando
500 2118 592 2191 opus
610 2094 691 2181 erit,
709 2093 748 2165 in
765 2104 934 2190 apertum
952 2092 1097 2165 coelum.

113 2205 154 2282 B.
179 2209 312 2282 Tenes.
350 2208 541 2281 Suctorem
560 2217 695 2294 autem,
715 2207 800 2302 quia
815 2206 871 2278 vis
888 2206 1097 2301 requiritur,

77 2321 266 2395 machinula
301 2319 470 2417 quadam,
505 2319 605 2416 quali
638 2318 779 2391 utimur
812 2317 860 2391 ad
894 2319 1097 2392 tensionem

76 2423 284 2524 balistarum,
301 2434 432 2524 ferrea,
450 2434 613 2522 dentata,
627 2432 666 2504 in
685 2431 890 2529 cylindrum
907 2431 1099 2526 impellunt

7 2606 9 2619 .
75 2549 324 2645 revelluntque.
373 2548 441 2621 Est
464 2557 643 2644 praeterea
667 2545 706 2617 in
730 2544 929 2641 recipiente
956 2567 1098 2616 summo

74 2659 236 2737 orificium
253 2661 342 2735 satis
359 2660 532 2756 amplum,
548 2683 624 2732 una
640 2683 724 2731 cum
741 2656 913 2753 operculo
931 2668 969 2730 et
986 2657 1098 2729 clavi-

73 2774 151 2866 cula,
164 2775 302 2874 quibus
315 2773 362 2847 ad
378 2797 500 2847 aerem
511 2773 734 2846 ambientem
751 2769 1021 2844 admittendum
1038 2769 1097 2841 vel

70 2887 327 2964 excludendum
343 2887 478 2983 aperiri
498 2897 536 2958 et
559 2884 680 2959 claudi
707 2895 840 2981 potest.
893 2883 1099 2979 Imaginare

64 2998 142 3094 jam,
157 3002 319 3078 transitu
343 3001 442 3074 inter
466 3000 646 3095 recipiens
664 3010 701 3071 et
726 2998 932 3096 cylindrum
956 3021 1099 3072 aeneum

66 3135 132 3191 non
164 3115 358 3213 impedito,
392 3125 577 3188 suctorem
618 3136 734 3208 usque
768 3112 816 3185 ad
850 3111 1098 3184 summitatem

65 3229 214 3327 cylindri
243 3228 364 3324 adigi;
395 3227 528 3301 deinde
557 3227 716 3300 transitu
746 3227 834 3315 aeri,
857 3249 964 3299 versa
990 3225 1100 3298 clavi-

64 3342 150 3434 cula,
165 3341 327 3430 occluso,
339 3351 525 3414 auctorem
541 3339 807 3435 aliquantulum
824 3339 971 3412 retrahi.
999 3338 1099 3412 Quid

61 3467 164 3550 putas
180 3453 269 3528 inde
283 3452 546 3551 aequaturum?
596 3453 729 3525 Nonne
748 3453 895 3525 relictus
913 3476 936 3524 a
952 3463 1098 3524 suctore

60 3567 158 3644 locus
185 3568 258 3643 erit
283 3566 449 3641 vacuus?
502 3565 610 3639 Unde
637 3566 734 3639 enim
764 3566 835 3639 nisi
858 3590 882 3638 a
901 3565 1098 3659 recipiente

60 3683 273 3781 repleretur,
316 3704 401 3753 cum
434 3678 632 3752 transitum
665 3679 842 3752 ambienti
880 3677 956 3750 aeri
988 3686 1098 3770 neget

59 3808 194 3885 auctor,
213 3791 371 3891 cylindri
388 3816 591 3865 concavum
609 3802 737 3864 exacte
754 3788 936 3888 implens?

104 3908 152 3985 A.
179 3909 313 4004 Neque
330 3905 427 3979 unde
444 3905 576 4002 repleri
591 3916 726 4001 potest,
740 3930 809 3978 nec
826 3903 914 4000 quid
928 3912 1097 3996 sequutu-

58 4046 139 4096 rum
154 4023 205 4099 sit
221 4020 309 4095 sciri
324 4043 432 4117 posse
454 4028 558 4117 puto,
576 4018 646 4092 nisi
671 4028 804 4091 natura
828 4015 923 4090 aeris
947 4015 996 4087 sit
1013 4026 1098 4086 ante

923 4150 982 4202 na
