<?xml version="1.0" encoding="UTF-8"?>
<!DOCTYPE html PUBLIC "-//W3C//DTD XHTML 1.0 Transitional//EN"
    "http://www.w3.org/TR/xhtml1/DTD/xhtml1-transitional.dtd">
<html xmlns="http://www.w3.org/1999/xhtml" xml:lang="en" lang="en">
 <head>
  <title>
</title>
<meta http-equiv="Content-Type" content="text/html;charset=utf-8" />
  <meta name='ocr-system' content='tesseract 3.04.00' />
  <meta name='ocr-capabilities' content='ocr_page ocr_carea ocr_par ocr_line ocrx_word'/>
</head>
<body>
  <div class='ocr_page' id='page_1' title='image "./thomhobbesmalme03hobbgoog_0411.png"; bbox 0 0 2618 5092; ppageno 0'>
   <div class='ocr_carea' id='block_1_1' title="bbox 242 664 1154 733">
    <p class='ocr_par' dir='ltr' id='par_1_1' title="bbox 242 664 1154 733">
     <span class='ocr_line' id='line_1_1' title="bbox 242 664 1154 733; baseline -0.001 -4"><span class='ocrx_word' id='word_1_1' title='bbox 242 664 318 731; x_wconf 81' lang='grc'><strong>396</strong></span> <span class='ocrx_word' id='word_1_2' title='bbox 383 677 438 731; x_wconf 74' lang='lat' dir='ltr'><strong>DE</strong></span> <span class='ocrx_word' id='word_1_3' title='bbox 458 676 691 733; x_wconf 76' lang='lat' dir='ltr'><strong>Pnrucrrns</strong></span> <span class='ocrx_word' id='word_1_4' title='bbox 709 676 764 733; x_wconf 75' lang='grc'><strong>11·</strong></span> <span class='ocrx_word' id='word_1_5' title='bbox 781 674 1154 731; x_wconf 67' lang='lat' dir='ltr'><strong>annectuntur}</strong></span> 
     </span>
    </p>
   </div>
   <div class='ocr_carea' id='block_1_2' title="bbox 47 841 1279 1167">
    <p class='ocr_par' dir='ltr' id='par_1_2' title="bbox 47 841 1279 1167">
     <span class='ocr_line' id='line_1_2' title="bbox 69 841 1277 942; baseline 0.008 -33"><span class='ocrx_word' id='word_1_6' title='bbox 69 868 138 911; x_wconf 73' lang='lat' dir='ltr'><strong>om.</strong></span> <span class='ocrx_word' id='word_1_7' title='bbox 153 869 194 911; x_wconf 79' lang='lat' dir='ltr'><strong>n.</strong></span> <span class='ocrx_word' id='word_1_8' title='bbox 293 845 462 920; x_wconf 78' lang='lat' dir='ltr'><strong>Quarum</strong></span> <span class='ocrx_word' id='word_1_9' title='bbox 489 843 745 919; x_wconf 81' lang='lat' dir='ltr'><strong>definitionum</strong></span> <span class='ocrx_word' id='word_1_10' title='bbox 771 866 944 942; x_wconf 80' lang='lat' dir='ltr'><strong>qurcnnm</strong></span> <span class='ocrx_word' id='word_1_11' title='bbox 966 842 1019 917; x_wconf 84' lang='lat' dir='ltr'><strong>sit</strong></span> <span class='ocrx_word' id='word_1_12' title='bbox 1032 841 1180 919; x_wconf 68' lang='lat' dir='ltr'><strong>oreoeris</strong></span> <span class='ocrx_word' id='word_1_13' title='bbox 1194 864 1277 939; x_wconf 61' lang='lat' dir='ltr'><strong>pre*</strong></span> 
     </span>
     <span class='ocr_line' id='line_1_3' title="bbox 47 937 1278 1054; baseline -0.002 -23"><span class='ocrx_word' id='word_1_14' title='bbox 47 937 220 1047; x_wconf 46' lang='grc' dir='ltr'><strong><em>ὦ</em></strong></span> <span class='ocrx_word' id='word_1_15' title='bbox 240 956 407 1046; x_wconf 85' lang='lat' dir='ltr'><strong>serenda,</strong></span> <span class='ocrx_word' id='word_1_16' title='bbox 424 981 471 1032; x_wconf 88' lang='lat' dir='ltr'><strong>ex</strong></span> <span class='ocrx_word' id='word_1_17' title='bbox 494 957 636 1033; x_wconf 90' lang='lat' dir='ltr'><strong>duabus</strong></span> <span class='ocrx_word' id='word_1_18' title='bbox 662 956 773 1033; x_wconf 87' lang='lat' dir='ltr'><strong>robus</strong></span> <span class='ocrx_word' id='word_1_19' title='bbox 797 954 1046 1054; x_wconf 74' lang='lat' dir='ltr'><strong>judicandum</strong></span> <span class='ocrx_word' id='word_1_20' title='bbox 1064 966 1138 1045; x_wconf 81' lang='lat' dir='ltr'><strong>eut,</strong></span> <span class='ocrx_word' id='word_1_21' title='bbox 1152 952 1235 1029; x_wconf 79' lang='lat' dir='ltr'><strong>iden</strong></span> <span class='ocrx_word' id='word_1_22' title='bbox 1245 966 1278 1029; x_wconf 80' lang='lat' dir='ltr'><strong>et</strong></span> 
     </span>
     <span class='ocr_line' id='line_1_4' title="bbox 240 1066 1279 1167; baseline -0.002 -22"><span class='ocrx_word' id='word_1_23' title='bbox 240 1093 322 1145; x_wconf 87' lang='lat' dir='ltr'><strong>usu.</strong></span> <span class='ocrx_word' id='word_1_24' title='bbox 373 1072 430 1143; x_wconf 80' lang='lat' dir='ltr'><strong>lix</strong></span> <span class='ocrx_word' id='word_1_25' title='bbox 448 1069 542 1160; x_wconf 90' lang='lat' dir='ltr'><strong>idea,</strong></span> <span class='ocrx_word' id='word_1_26' title='bbox 560 1094 610 1144; x_wconf 84' lang='lat' dir='ltr'><strong>an</strong></span> <span class='ocrx_word' id='word_1_27' title='bbox 625 1092 715 1143; x_wconf 84' lang='lat' dir='ltr'><strong>vero</strong></span> <span class='ocrx_word' id='word_1_28' title='bbox 730 1068 804 1145; x_wconf 67' lang='lat' dir='ltr'><strong>sits</strong></span> <span class='ocrx_word' id='word_1_29' title='bbox 829 1092 876 1143; x_wconf 83' lang='lat' dir='ltr'><strong>ex</strong></span> <span class='ocrx_word' id='word_1_30' title='bbox 898 1090 983 1161; x_wconf 85' lang='lat' dir='ltr'><strong>usu,</strong></span> <span class='ocrx_word' id='word_1_31' title='bbox 1000 1090 1051 1143; x_wconf 81' lang='lat' dir='ltr'><strong>un</strong></span> <span class='ocrx_word' id='word_1_32' title='bbox 1067 1066 1279 1167; x_wconf 87' lang='lat' dir='ltr'><strong>principium</strong></span> 
     </span>
    </p>
   </div>
   <div class='ocr_carea' id='block_1_3' title="bbox 236 1180 1282 4566">
    <p class='ocr_par' dir='ltr' id='par_1_3' title="bbox 236 1180 1282 4430">
     <span class='ocr_line' id='line_1_5' title="bbox 241 1180 1280 1280; baseline -0.002 -23"><span class='ocrx_word' id='word_1_33' title='bbox 241 1183 521 1258; x_wconf 87' lang='lat' dir='ltr'><strong>demonstrandi</strong></span> <span class='ocrx_word' id='word_1_34' title='bbox 545 1183 721 1259; x_wconf 90' lang='lat' dir='ltr'><strong>idoneum</strong></span> <span class='ocrx_word' id='word_1_35' title='bbox 744 1182 806 1257; x_wconf 86' lang='lat' dir='ltr'><strong>sit.</strong></span> <span class='ocrx_word' id='word_1_36' title='bbox 858 1180 960 1273; x_wconf 82' lang='lat' dir='ltr'><strong>Ideo,</strong></span> <span class='ocrx_word' id='word_1_37' title='bbox 973 1181 1087 1280; x_wconf 83' lang='lat' dir='ltr'><strong>juxta</strong></span> <span class='ocrx_word' id='word_1_38' title='bbox 1101 1204 1214 1279; x_wconf 76' lang='lat' dir='ltr'><strong>quom</strong></span> <span class='ocrx_word' id='word_1_39' title='bbox 1227 1180 1280 1255; x_wconf 87' lang='lat' dir='ltr'><strong>de·</strong></span> 
     </span>
     <span class='ocr_line' id='line_1_6' title="bbox 240 1294 1280 1393; baseline 0.001 -23"><span class='ocrx_word' id='word_1_40' title='bbox 240 1297 346 1371; x_wconf 86' lang='lat' dir='ltr'><strong>finita</strong></span> <span class='ocrx_word' id='word_1_41' title='bbox 363 1309 419 1370; x_wconf 79' lang='lat' dir='ltr'><strong>est</strong></span> <span class='ocrx_word' id='word_1_42' title='bbox 435 1321 458 1370; x_wconf 90' lang='lat' dir='ltr'><strong>a</strong></span> <span class='ocrx_word' id='word_1_43' title='bbox 472 1296 625 1372; x_wconf 80' lang='lat' dir='ltr'><strong>Platone</strong></span> <span class='ocrx_word' id='word_1_44' title='bbox 637 1297 736 1371; x_wconf 79' lang='lat' dir='ltr'><strong>lineo</strong></span> <span class='ocrx_word' id='word_1_45' title='bbox 750 1304 866 1387; x_wconf 79' lang='lat' dir='ltr'><strong>rectu,</strong></span> <span class='ocrx_word' id='word_1_46' title='bbox 876 1294 1002 1393; x_wconf 80' lang='lat' dir='ltr'><strong>imago</strong></span> <span class='ocrx_word' id='word_1_47' title='bbox 1014 1305 1101 1371; x_wconf 82' lang='lat' dir='ltr'><strong>erat</strong></span> <span class='ocrx_word' id='word_1_48' title='bbox 1115 1296 1280 1393; x_wconf 76' lang='lat' dir='ltr'><strong>projecte</strong></span> 
     </span>
     <span class='ocr_line' id='line_1_7' title="bbox 240 1407 1279 1509; baseline -0.001 -25"><span class='ocrx_word' id='word_1_49' title='bbox 240 1410 288 1484; x_wconf 84' lang='lat' dir='ltr'><strong>ab</strong></span> <span class='ocrx_word' id='word_1_50' title='bbox 306 1433 349 1484; x_wconf 86' lang='lat' dir='ltr'><strong>ee</strong></span> <span class='ocrx_word' id='word_1_51' title='bbox 365 1411 531 1484; x_wconf 84' lang='lat' dir='ltr'><strong>umbrae:</strong></span> <span class='ocrx_word' id='word_1_52' title='bbox 557 1434 668 1508; x_wconf 88' lang='lat' dir='ltr'><strong>quum</strong></span> <span class='ocrx_word' id='word_1_53' title='bbox 684 1408 834 1509; x_wconf 91' lang='lat' dir='ltr'><strong>quidem</strong></span> <span class='ocrx_word' id='word_1_54' title='bbox 855 1408 989 1507; x_wconf 83' lang='lat' dir='ltr'><strong>projici</strong></span> <span class='ocrx_word' id='word_1_55' title='bbox 1005 1407 1103 1483; x_wconf 86' lang='lat' dir='ltr'><strong>vidit</strong></span> <span class='ocrx_word' id='word_1_56' title='bbox 1127 1432 1196 1507; x_wconf 90' lang='lat' dir='ltr'><strong>per</strong></span> <span class='ocrx_word' id='word_1_57' title='bbox 1210 1432 1279 1483; x_wconf 88' lang='lat' dir='ltr'><strong>rec·</strong></span> 
     </span>
     <span class='ocr_line' id='line_1_8' title="bbox 239 1520 1281 1621; baseline -0.001 -24"><span class='ocrx_word' id='word_1_58' title='bbox 239 1535 329 1597; x_wconf 87' lang='lat' dir='ltr'><strong>tam.</strong></span> <span class='ocrx_word' id='word_1_59' title='bbox 381 1523 616 1621; x_wconf 86' lang='lat' dir='ltr'><strong>ltaquequid</strong></span> <span class='ocrx_word' id='word_1_60' title='bbox 639 1523 814 1599; x_wconf 81' lang='lat' dir='ltr'><strong>sitrecte</strong></span> <span class='ocrx_word' id='word_1_61' title='bbox 832 1524 923 1599; x_wconf 87' lang='lat' dir='ltr'><strong>satis</strong></span> <span class='ocrx_word' id='word_1_62' title='bbox 950 1520 1281 1621; x_wconf 64' lang='lat' dir='ltr'><strong>conceperam-sed</strong></span> 
     </span>
     <span class='ocr_line' id='line_1_9' title="bbox 240 1634 1281 1734; baseline -0.001 -24"><span class='ocrx_word' id='word_1_63' title='bbox 240 1635 406 1711; x_wconf 88' lang='lat' dir='ltr'><strong>definitio</strong></span> <span class='ocrx_word' id='word_1_64' title='bbox 436 1637 499 1711; x_wconf 90' lang='lat' dir='ltr'><strong>illa</strong></span> <span class='ocrx_word' id='word_1_65' title='bbox 526 1637 635 1734; x_wconf 85' lang='lat' dir='ltr'><strong>plone</strong></span> <span class='ocrx_word' id='word_1_66' title='bbox 657 1636 877 1725; x_wconf 76' lang='lat' dir='ltr'><strong>steriliscet,</strong></span> <span class='ocrx_word' id='word_1_67' title='bbox 899 1658 969 1710; x_wconf 91' lang='lat' dir='ltr'><strong>uec</strong></span> <span class='ocrx_word' id='word_1_68' title='bbox 995 1635 1110 1709; x_wconf 85' lang='lat' dir='ltr'><strong>ullius</strong></span> <span class='ocrx_word' id='word_1_69' title='bbox 1129 1658 1217 1709; x_wconf 84' lang='lat' dir='ltr'><strong>usus</strong></span> <span class='ocrx_word' id='word_1_70' title='bbox 1238 1634 1281 1709; x_wconf 84' lang='lat' dir='ltr'><strong>nd</strong></span> 
     </span>
     <span class='ocr_line' id='line_1_10' title="bbox 240 1748 1281 1847; baseline 0 -25"><span class='ocrx_word' id='word_1_71' title='bbox 240 1748 568 1823; x_wconf 89' lang='lat' dir='ltr'><strong>demonstrandum</strong></span> <span class='ocrx_word' id='word_1_72' title='bbox 583 1762 712 1824; x_wconf 89' lang='lat' dir='ltr'><strong>utrum</strong></span> <span class='ocrx_word' id='word_1_73' title='bbox 726 1749 827 1823; x_wconf 81' lang='lat' dir='ltr'><strong>linea</strong></span> <span class='ocrx_word' id='word_1_74' title='bbox 841 1748 975 1845; x_wconf 82' lang='lat' dir='ltr'><strong>deque</strong></span> <span class='ocrx_word' id='word_1_75' title='bbox 988 1748 1174 1847; x_wconf 76' lang='lat' dir='ltr'><strong>queritur</strong></span> <span class='ocrx_word' id='word_1_76' title='bbox 1189 1761 1281 1821; x_wconf 81' lang='lat' dir='ltr'><strong>recto</strong></span> 
     </span>
     <span class='ocr_line' id='line_1_11' title="bbox 239 1861 1280 1960; baseline -0.001 -23"><span class='ocrx_word' id='word_1_77' title='bbox 239 1862 290 1937; x_wconf 88' lang='lat' dir='ltr'><strong>sit</strong></span> <span class='ocrx_word' id='word_1_78' title='bbox 300 1886 429 1948; x_wconf 89' lang='lat' dir='ltr'><strong>necne,</strong></span> <span class='ocrx_word' id='word_1_79' title='bbox 442 1886 561 1960; x_wconf 87' lang='lat' dir='ltr'><strong>neque</strong></span> <span class='ocrx_word' id='word_1_80' title='bbox 573 1863 623 1937; x_wconf 85' lang='lat' dir='ltr'><strong>ad</strong></span> <span class='ocrx_word' id='word_1_81' title='bbox 635 1861 963 1938; x_wconf 86' lang='lat' dir='ltr'><strong>demonstrandum</strong></span> <span class='ocrx_word' id='word_1_82' title='bbox 979 1862 1168 1936; x_wconf 88' lang='lat' dir='ltr'><strong>rationem</strong></span> <span class='ocrx_word' id='word_1_83' title='bbox 1179 1874 1280 1936; x_wconf 80' lang='lat' dir='ltr'><strong>recta</strong></span> 
     </span>
     <span class='ocr_line' id='line_1_12' title="bbox 239 1975 1281 2074; baseline 0 -25"><span class='ocrx_word' id='word_1_84' title='bbox 239 1975 289 2049; x_wconf 85' lang='lat' dir='ltr'><strong>ad</strong></span> <span class='ocrx_word' id='word_1_85' title='bbox 313 2000 475 2051; x_wconf 85' lang='lat' dir='ltr'><strong>curvam.</strong></span> <span class='ocrx_word' id='word_1_86' title='bbox 527 1976 660 2063; x_wconf 85' lang='lat' dir='ltr'><strong>Procli,</strong></span> <span class='ocrx_word' id='word_1_87' title='bbox 677 1976 922 2066; x_wconf 79' lang='lat' dir='ltr'><strong>Archimedis,</strong></span> <span class='ocrx_word' id='word_1_88' title='bbox 941 1988 981 2051; x_wconf 89' lang='lat' dir='ltr'><strong>et</strong></span> <span class='ocrx_word' id='word_1_89' title='bbox 997 1976 1182 2074; x_wconf 83' lang='lat' dir='ltr'><strong>Campani</strong></span> <span class='ocrx_word' id='word_1_90' title='bbox 1203 1975 1281 2051; x_wconf 89' lang='lat' dir='ltr'><strong>defi·</strong></span> 
     </span>
     <span class='ocr_line' id='line_1_13' title="bbox 238 2088 1280 2187; baseline 0 -24"><span class='ocrx_word' id='word_1_91' title='bbox 238 2088 399 2163; x_wconf 87' lang='lat' dir='ltr'><strong>uitiones</strong></span> <span class='ocrx_word' id='word_1_92' title='bbox 415 2089 539 2164; x_wconf 84' lang='lat' dir='ltr'><strong>verbis</strong></span> <span class='ocrx_word' id='word_1_93' title='bbox 562 2089 712 2187; x_wconf 90' lang='lat' dir='ltr'><strong>quidem</strong></span> <span class='ocrx_word' id='word_1_94' title='bbox 739 2088 929 2179; x_wconf 83' lang='lat' dir='ltr'><strong>differunt,</strong></span> <span class='ocrx_word' id='word_1_95' title='bbox 946 2088 1048 2163; x_wconf 89' lang='lat' dir='ltr'><strong>idem</strong></span> <span class='ocrx_word' id='word_1_96' title='bbox 1075 2102 1203 2163; x_wconf 81' lang='lat' dir='ltr'><strong>eutem</strong></span> <span class='ocrx_word' id='word_1_97' title='bbox 1218 2090 1280 2186; x_wconf 85' lang='lat' dir='ltr'><strong>sig·</strong></span> 
     </span>
     <span class='ocr_line' id='line_1_14' title="bbox 239 2201 1280 2299; baseline 0.001 -25"><span class='ocrx_word' id='word_1_98' title='bbox 239 2201 404 2290; x_wconf 89' lang='lat' dir='ltr'><strong>nificant,</strong></span> <span class='ocrx_word' id='word_1_99' title='bbox 438 2226 583 2299; x_wconf 84' lang='lat' dir='ltr'><strong>nempe,</strong></span> <span class='ocrx_word' id='word_1_100' title='bbox 616 2215 758 2277; x_wconf 83' lang='lat' dir='ltr'><strong>rectam</strong></span> <span class='ocrx_word' id='word_1_101' title='bbox 791 2224 871 2277; x_wconf 86' lang='lat' dir='ltr'><strong>esse</strong></span> <span class='ocrx_word' id='word_1_102' title='bbox 900 2224 985 2299; x_wconf 80' lang='lat' dir='ltr'><strong>quoe</strong></span> <span class='ocrx_word' id='word_1_103' title='bbox 1015 2201 1117 2276; x_wconf 88' lang='lat' dir='ltr'><strong>inter</strong></span> <span class='ocrx_word' id='word_1_104' title='bbox 1141 2202 1280 2277; x_wconf 86' lang='lat' dir='ltr'><strong>eosdem</strong></span> 
     </span>
     <span class='ocr_line' id='line_1_15' title="bbox 238 2315 1281 2413; baseline 0.004 -27"><span class='ocrx_word' id='word_1_105' title='bbox 238 2316 417 2389; x_wconf 88' lang='lat' dir='ltr'><strong>terminos</strong></span> <span class='ocrx_word' id='word_1_106' title='bbox 433 2326 490 2390; x_wconf 81' lang='lat' dir='ltr'><strong>est</strong></span> <span class='ocrx_word' id='word_1_107' title='bbox 505 2315 742 2390; x_wconf 86' lang='lat' dir='ltr'><strong>brevissima:</strong></span> <span class='ocrx_word' id='word_1_108' title='bbox 760 2340 844 2413; x_wconf 82' lang='lat' dir='ltr'><strong>quae</strong></span> <span class='ocrx_word' id='word_1_109' title='bbox 859 2327 944 2389; x_wconf 88' lang='lat' dir='ltr'><strong>orta</strong></span> <span class='ocrx_word' id='word_1_110' title='bbox 960 2328 1019 2390; x_wconf 89' lang='lat' dir='ltr'><strong>est</strong></span> <span class='ocrx_word' id='word_1_111' title='bbox 1035 2316 1084 2389; x_wconf 90' lang='lat' dir='ltr'><strong>ab</strong></span> <span class='ocrx_word' id='word_1_112' title='bbox 1099 2315 1185 2391; x_wconf 88' lang='lat' dir='ltr'><strong>idea</strong></span> <span class='ocrx_word' id='word_1_113' title='bbox 1194 2317 1281 2390; x_wconf 88' lang='lat' dir='ltr'><strong>visa-</strong></span> 
     </span>
     <span class='ocr_line' id='line_1_16' title="bbox 239 2429 1281 2526; baseline 0.002 -25"><span class='ocrx_word' id='word_1_114' title='bbox 239 2452 322 2502; x_wconf 88' lang='lat' dir='ltr'><strong>rum</strong></span> <span class='ocrx_word' id='word_1_115' title='bbox 355 2429 516 2525; x_wconf 91' lang='lat' dir='ltr'><strong>plurium</strong></span> <span class='ocrx_word' id='word_1_116' title='bbox 556 2429 735 2502; x_wconf 85' lang='lat' dir='ltr'><strong>lineorum</strong></span> <span class='ocrx_word' id='word_1_117' title='bbox 769 2429 1099 2518; x_wconf 90' lang='lat' dir='ltr'><strong>conterminarum,</strong></span> <span class='ocrx_word' id='word_1_118' title='bbox 1135 2454 1281 2526; x_wconf 88' lang='lat' dir='ltr'><strong>quarum</strong></span> 
     </span>
     <span class='ocr_line' id='line_1_17' title="bbox 240 2541 1280 2639; baseline 0.002 -25"><span class='ocrx_word' id='word_1_119' title='bbox 240 2541 350 2614; x_wconf 87' lang='lat' dir='ltr'><strong>unica</strong></span> <span class='ocrx_word' id='word_1_120' title='bbox 366 2542 443 2615; x_wconf 87' lang='lat' dir='ltr'><strong>visa</strong></span> <span class='ocrx_word' id='word_1_121' title='bbox 460 2555 516 2617; x_wconf 92' lang='lat' dir='ltr'><strong>est</strong></span> <span class='ocrx_word' id='word_1_122' title='bbox 532 2554 634 2616; x_wconf 89' lang='lat' dir='ltr'><strong>recta</strong></span> <span class='ocrx_word' id='word_1_123' title='bbox 651 2554 689 2616; x_wconf 90' lang='lat' dir='ltr'><strong>et</strong></span> <span class='ocrx_word' id='word_1_124' title='bbox 705 2543 933 2615; x_wconf 90' lang='lat' dir='ltr'><strong>brevissima.</strong></span> <span class='ocrx_word' id='word_1_125' title='bbox 986 2542 1116 2639; x_wconf 82' lang='lat' dir='ltr'><strong>Atque</strong></span> <span class='ocrx_word' id='word_1_126' title='bbox 1142 2543 1211 2616; x_wconf 94' lang='lat' dir='ltr'><strong>hac</strong></span> <span class='ocrx_word' id='word_1_127' title='bbox 1227 2541 1280 2615; x_wconf 92' lang='lat' dir='ltr'><strong>de·</strong></span> 
     </span>
     <span class='ocr_line' id='line_1_18' title="bbox 238 2654 1280 2754; baseline 0.001 -28"><span class='ocrx_word' id='word_1_128' title='bbox 238 2654 406 2728; x_wconf 88' lang='lat' dir='ltr'><strong>finitione</strong></span> <span class='ocrx_word' id='word_1_129' title='bbox 423 2657 541 2729; x_wconf 88' lang='lat' dir='ltr'><strong>utitur</strong></span> <span class='ocrx_word' id='word_1_130' title='bbox 557 2656 809 2730; x_wconf 89' lang='lat' dir='ltr'><strong>Archimedes.</strong></span> <span class='ocrx_word' id='word_1_131' title='bbox 862 2657 958 2732; x_wconf 76' lang='lat' dir='ltr'><strong>Quis</strong></span> <span class='ocrx_word' id='word_1_132' title='bbox 984 2658 1097 2746; x_wconf 92' lang='lat' dir='ltr'><strong>enim,</strong></span> <span class='ocrx_word' id='word_1_133' title='bbox 1116 2658 1181 2754; x_wconf 91' lang='lat' dir='ltr'><strong>qui</strong></span> <span class='ocrx_word' id='word_1_134' title='bbox 1201 2679 1280 2731; x_wconf 89' lang='lat' dir='ltr'><strong>eon-</strong></span> 
     </span>
     <span class='ocr_line' id='line_1_19' title="bbox 239 2767 1282 2865; baseline 0.003 -26"><span class='ocrx_word' id='word_1_135' title='bbox 239 2767 379 2862; x_wconf 87' lang='lat' dir='ltr'><strong>eeperit</strong></span> <span class='ocrx_word' id='word_1_136' title='bbox 412 2768 449 2840; x_wconf 94' lang='lat' dir='ltr'><strong>in</strong></span> <span class='ocrx_word' id='word_1_137' title='bbox 485 2768 630 2864; x_wconf 83' lang='lat' dir='ltr'><strong>spbaera</strong></span> <span class='ocrx_word' id='word_1_138' title='bbox 663 2770 786 2865; x_wconf 89' lang='lat' dir='ltr'><strong>plures</strong></span> <span class='ocrx_word' id='word_1_139' title='bbox 813 2769 971 2843; x_wconf 90' lang='lat' dir='ltr'><strong>circulos</strong></span> <span class='ocrx_word' id='word_1_140' title='bbox 1000 2771 1224 2845; x_wconf 89' lang='lat' dir='ltr'><strong>meridianos</strong></span> <span class='ocrx_word' id='word_1_141' title='bbox 1248 2781 1282 2843; x_wconf 90' lang='lat' dir='ltr'><strong>et</strong></span> 
     </span>
     <span class='ocr_line' id='line_1_20' title="bbox 239 2882 1281 2979; baseline 0.002 -26"><span class='ocrx_word' id='word_1_142' title='bbox 239 2905 348 2954; x_wconf 87' lang='lat' dir='ltr'><strong>axem</strong></span> <span class='ocrx_word' id='word_1_143' title='bbox 365 2882 527 2972; x_wconf 90' lang='lat' dir='ltr'><strong>unicum,</strong></span> <span class='ocrx_word' id='word_1_144' title='bbox 542 2906 617 2955; x_wconf 92' lang='lat' dir='ltr'><strong>non</strong></span> <span class='ocrx_word' id='word_1_145' title='bbox 631 2882 814 2979; x_wconf 87' lang='lat' dir='ltr'><strong>judicabit</strong></span> <span class='ocrx_word' id='word_1_146' title='bbox 829 2907 937 2955; x_wconf 87' lang='lat' dir='ltr'><strong>axem</strong></span> <span class='ocrx_word' id='word_1_147' title='bbox 955 2894 1038 2956; x_wconf 92' lang='lat' dir='ltr'><strong>tum</strong></span> <span class='ocrx_word' id='word_1_148' title='bbox 1052 2897 1194 2957; x_wconf 88' lang='lat' dir='ltr'><strong>rectam</strong></span> <span class='ocrx_word' id='word_1_149' title='bbox 1210 2906 1281 2956; x_wconf 91' lang='lat' dir='ltr'><strong>esse</strong></span> 
     </span>
     <span class='ocr_line' id='line_1_21' title="bbox 237 2994 1282 3092; baseline 0.002 -25"><span class='ocrx_word' id='word_1_150' title='bbox 237 2994 385 3084; x_wconf 86' lang='lat' dir='ltr'><strong>lineam,</strong></span> <span class='ocrx_word' id='word_1_151' title='bbox 423 3005 501 3068; x_wconf 88' lang='lat' dir='ltr'><strong>tum</strong></span> <span class='ocrx_word' id='word_1_152' title='bbox 536 2995 789 3069; x_wconf 85' lang='lat' dir='ltr'><strong>brevissimam</strong></span> <span class='ocrx_word' id='word_1_153' title='bbox 823 2995 978 3068; x_wconf 90' lang='lat' dir='ltr'><strong>aliarum</strong></span> <span class='ocrx_word' id='word_1_154' title='bbox 1010 2997 1282 3092; x_wconf 74' lang='lat' dir='ltr'><strong>omniumque</strong></span> 
     </span>
     <span class='ocr_line' id='line_1_22' title="bbox 239 3108 1281 3206; baseline -0.002 -23"><span class='ocrx_word' id='word_1_155' title='bbox 239 3120 433 3183; x_wconf 90' lang='lat' dir='ltr'><strong>transeunt</strong></span> <span class='ocrx_word' id='word_1_156' title='bbox 450 3134 474 3182; x_wconf 88' lang='lat' dir='ltr'><strong>a</strong></span> <span class='ocrx_word' id='word_1_157' title='bbox 490 3110 575 3206; x_wconf 93' lang='lat' dir='ltr'><strong>polo</strong></span> <span class='ocrx_word' id='word_1_158' title='bbox 592 3108 639 3181; x_wconf 87' lang='lat' dir='ltr'><strong>ad</strong></span> <span class='ocrx_word' id='word_1_159' title='bbox 656 3109 807 3204; x_wconf 81' lang='lat' dir='ltr'><strong>polum?</strong></span> <span class='ocrx_word' id='word_1_160' title='bbox 860 3108 951 3182; x_wconf 88' lang='lat' dir='ltr'><strong>Idea</strong></span> <span class='ocrx_word' id='word_1_161' title='bbox 966 3108 1070 3182; x_wconf 87' lang='lat' dir='ltr'><strong>unde</strong></span> <span class='ocrx_word' id='word_1_162' title='bbox 1086 3122 1177 3183; x_wconf 88' lang='lat' dir='ltr'><strong>nata</strong></span> <span class='ocrx_word' id='word_1_163' title='bbox 1187 3108 1281 3182; x_wconf 91' lang='lat' dir='ltr'><strong>vide-</strong></span> 
     </span>
     <span class='ocr_line' id='line_1_23' title="bbox 238 3220 1282 3318; baseline -0.001 -22"><span class='ocrx_word' id='word_1_164' title='bbox 238 3234 301 3295; x_wconf 93' lang='lat' dir='ltr'><strong>tur</strong></span> <span class='ocrx_word' id='word_1_165' title='bbox 318 3246 396 3296; x_wconf 88' lang='lat' dir='ltr'><strong>esse</strong></span> <span class='ocrx_word' id='word_1_166' title='bbox 421 3222 585 3295; x_wconf 89' lang='lat' dir='ltr'><strong>definitio</strong></span> <span class='ocrx_word' id='word_1_167' title='bbox 611 3222 754 3311; x_wconf 88' lang='lat' dir='ltr'><strong>ultima,</strong></span> <span class='ocrx_word' id='word_1_168' title='bbox 773 3234 854 3294; x_wconf 88' lang='lat' dir='ltr'><strong>erat</strong></span> <span class='ocrx_word' id='word_1_169' title='bbox 879 3220 978 3318; x_wconf 94' lang='lat' dir='ltr'><strong>quod</strong></span> <span class='ocrx_word' id='word_1_170' title='bbox 997 3221 1144 3296; x_wconf 91' lang='lat' dir='ltr'><strong>videret</strong></span> <span class='ocrx_word' id='word_1_171' title='bbox 1161 3238 1282 3296; x_wconf 82' lang='lat' dir='ltr'><strong>exten-</strong></span> 
     </span>
     <span class='ocr_line' id='line_1_24' title="bbox 239 3333 1281 3432; baseline -0.003 -23"><span class='ocrx_word' id='word_1_172' title='bbox 239 3337 379 3410; x_wconf 83' lang='lat' dir='ltr'><strong>sionem</strong></span> <span class='ocrx_word' id='word_1_173' title='bbox 397 3337 488 3409; x_wconf 89' lang='lat' dir='ltr'><strong>nihil</strong></span> <span class='ocrx_word' id='word_1_174' title='bbox 505 3335 606 3409; x_wconf 91' lang='lat' dir='ltr'><strong>aliud</strong></span> <span class='ocrx_word' id='word_1_175' title='bbox 629 3359 709 3409; x_wconf 87' lang='lat' dir='ltr'><strong>esse</strong></span> <span class='ocrx_word' id='word_1_176' title='bbox 735 3351 871 3432; x_wconf 85' lang='lat' dir='ltr'><strong>praeter</strong></span> <span class='ocrx_word' id='word_1_177' title='bbox 894 3333 1151 3409; x_wconf 89' lang='lat' dir='ltr'><strong>diductionem</strong></span> <span class='ocrx_word' id='word_1_178' title='bbox 1168 3349 1281 3409; x_wconf 79' lang='lat' dir='ltr'><strong>extre-</strong></span> 
     </span>
     <span class='ocr_line' id='line_1_25' title="bbox 238 3447 1281 3546; baseline -0.001 -25"><span class='ocrx_word' id='word_1_179' title='bbox 238 3473 382 3523; x_wconf 90' lang='lat' dir='ltr'><strong>morum</strong></span> <span class='ocrx_word' id='word_1_180' title='bbox 393 3462 637 3546; x_wconf 85' lang='lat' dir='ltr'><strong>punctorum:</strong></span> <span class='ocrx_word' id='word_1_181' title='bbox 656 3460 870 3544; x_wconf 82' lang='lat' dir='ltr'><strong>contraque,</strong></span> <span class='ocrx_word' id='word_1_182' title='bbox 883 3447 1180 3523; x_wconf 85' lang='lat' dir='ltr'><strong>incurvationem</strong></span> <span class='ocrx_word' id='word_1_183' title='bbox 1196 3448 1281 3521; x_wconf 91' lang='lat' dir='ltr'><strong>nihil</strong></span> 
     </span>
     <span class='ocr_line' id='line_1_26' title="bbox 237 3561 1281 3659; baseline 0.003 -26"><span class='ocrx_word' id='word_1_184' title='bbox 237 3561 435 3636; x_wconf 90' lang='lat' dir='ltr'><strong>aliudesse</strong></span> <span class='ocrx_word' id='word_1_185' title='bbox 458 3588 569 3659; x_wconf 89' lang='lat' dir='ltr'><strong>quam</strong></span> <span class='ocrx_word' id='word_1_186' title='bbox 592 3562 853 3636; x_wconf 86' lang='lat' dir='ltr'><strong>adductionem</strong></span> <span class='ocrx_word' id='word_1_187' title='bbox 880 3562 1125 3636; x_wconf 91' lang='lat' dir='ltr'><strong>terminorem</strong></span> <span class='ocrx_word' id='word_1_188' title='bbox 1154 3587 1281 3636; x_wconf 90' lang='lat' dir='ltr'><strong>eorun-</strong></span> 
     </span>
     <span class='ocr_line' id='line_1_27' title="bbox 237 3672 1282 3774; baseline 0 -28"><span class='ocrx_word' id='word_1_189' title='bbox 237 3672 333 3747; x_wconf 89' lang='lat' dir='ltr'><strong>dem.</strong></span> <span class='ocrx_word' id='word_1_190' title='bbox 387 3675 499 3749; x_wconf 77' lang='lat' dir='ltr'><strong>Quod</strong></span> <span class='ocrx_word' id='word_1_191' title='bbox 532 3687 672 3748; x_wconf 89' lang='lat' dir='ltr'><strong>rectam</strong></span> <span class='ocrx_word' id='word_1_192' title='bbox 701 3675 892 3763; x_wconf 89' lang='lat' dir='ltr'><strong>definiunt,</strong></span> <span class='ocrx_word' id='word_1_193' title='bbox 927 3674 1131 3772; x_wconf 76' lang='lat' dir='ltr'><strong>vestigium</strong></span> <span class='ocrx_word' id='word_1_194' title='bbox 1151 3674 1282 3774; x_wconf 80' lang='lat' dir='ltr'><strong>puncti</strong></span> 
     </span>
     <span class='ocr_line' id='line_1_28' title="bbox 237 3786 1280 3878; baseline -0.001 -18"><span class='ocrx_word' id='word_1_195' title='bbox 237 3789 336 3877; x_wconf 82' lang='lat' dir='ltr'><strong>moti,</strong></span> <span class='ocrx_word' id='word_1_196' title='bbox 354 3813 422 3861; x_wconf 84' lang='lat' dir='ltr'><strong>nec</strong></span> <span class='ocrx_word' id='word_1_197' title='bbox 438 3789 709 3878; x_wconf 60' lang='lat' dir='ltr'><strong>accidentiae</strong></span> <span class='ocrx_word' id='word_1_198' title='bbox 734 3788 836 3861; x_wconf 87' lang='lat' dir='ltr'><strong>nulla</strong></span> <span class='ocrx_word' id='word_1_199' title='bbox 862 3786 946 3860; x_wconf 87' lang='lat' dir='ltr'><strong>idea</strong></span> <span class='ocrx_word' id='word_1_200' title='bbox 974 3801 1100 3862; x_wconf 93' lang='lat' dir='ltr'><strong>ortum</strong></span> <span class='ocrx_word' id='word_1_201' title='bbox 1132 3801 1200 3878; x_wconf 88' lang='lat' dir='ltr'><strong>est,</strong></span> <span class='ocrx_word' id='word_1_202' title='bbox 1219 3811 1280 3860; x_wconf 90' lang='lat' dir='ltr'><strong>nec</strong></span> 
     </span>
     <span class='ocr_line' id='line_1_29' title="bbox 237 3900 1280 3999; baseline -0.004 -24"><span class='ocrx_word' id='word_1_203' title='bbox 237 3902 326 3975; x_wconf 91' lang='lat' dir='ltr'><strong>oriri</strong></span> <span class='ocrx_word' id='word_1_204' title='bbox 351 3904 492 3999; x_wconf 87' lang='lat' dir='ltr'><strong>potuit:</strong></span> <span class='ocrx_word' id='word_1_205' title='bbox 519 3904 605 3999; x_wconf 89' lang='lat' dir='ltr'><strong>quia</strong></span> <span class='ocrx_word' id='word_1_206' title='bbox 626 3903 798 3976; x_wconf 87' lang='lat' dir='ltr'><strong>vacillare</strong></span> <span class='ocrx_word' id='word_1_207' title='bbox 827 3900 919 3974; x_wconf 90' lang='lat' dir='ltr'><strong>nibil</strong></span> <span class='ocrx_word' id='word_1_208' title='bbox 949 3900 1024 3974; x_wconf 90' lang='lat' dir='ltr'><strong>dici</strong></span> <span class='ocrx_word' id='word_1_209' title='bbox 1054 3913 1190 3998; x_wconf 92' lang='lat' dir='ltr'><strong>potest,</strong></span> <span class='ocrx_word' id='word_1_210' title='bbox 1216 3900 1280 3974; x_wconf 91' lang='lat' dir='ltr'><strong>nisi</strong></span> 
     </span>
     <span class='ocr_line' id='line_1_30' title="bbox 236 4015 1278 4113; baseline -0.003 -24"><span class='ocrx_word' id='word_1_211' title='bbox 236 4016 439 4113; x_wconf 87' lang='lat' dir='ltr'><strong>respective</strong></span> <span class='ocrx_word' id='word_1_212' title='bbox 474 4016 522 4090; x_wconf 92' lang='lat' dir='ltr'><strong>ad</strong></span> <span class='ocrx_word' id='word_1_213' title='bbox 551 4017 747 4113; x_wconf 87' lang='lat' dir='ltr'><strong>vestigium</strong></span> <span class='ocrx_word' id='word_1_214' title='bbox 780 4016 889 4089; x_wconf 88' lang='lat' dir='ltr'><strong>lineae</strong></span> <span class='ocrx_word' id='word_1_215' title='bbox 918 4015 999 4111; x_wconf 89' lang='lat' dir='ltr'><strong>jam</strong></span> <span class='ocrx_word' id='word_1_216' title='bbox 1032 4028 1124 4089; x_wconf 90' lang='lat' dir='ltr'><strong>ante</strong></span> <span class='ocrx_word' id='word_1_217' title='bbox 1153 4017 1278 4089; x_wconf 84' lang='lat' dir='ltr'><strong>duotae.</strong></span> 
     </span>
     <span class='ocr_line' id='line_1_31' title="bbox 237 4127 1280 4226; baseline -0.002 -24"><span class='ocrx_word' id='word_1_218' title='bbox 237 4130 368 4226; x_wconf 89' lang='lat' dir='ltr'><strong>Neque</strong></span> <span class='ocrx_word' id='word_1_219' title='bbox 386 4130 532 4204; x_wconf 91' lang='lat' dir='ltr'><strong>videtur</strong></span> <span class='ocrx_word' id='word_1_220' title='bbox 556 4130 674 4226; x_wconf 86' lang='lat' dir='ltr'><strong>magis</strong></span> <span class='ocrx_word' id='word_1_221' title='bbox 698 4129 870 4203; x_wconf 88' lang='lat' dir='ltr'><strong>vacillare</strong></span> <span class='ocrx_word' id='word_1_222' title='bbox 896 4138 1092 4223; x_wconf 89' lang='lat' dir='ltr'><strong>punctum,</strong></span> <span class='ocrx_word' id='word_1_223' title='bbox 1112 4129 1200 4203; x_wconf 94' lang='lat' dir='ltr'><strong>dum</strong></span> <span class='ocrx_word' id='word_1_224' title='bbox 1223 4127 1280 4200; x_wconf 89' lang='lat' dir='ltr'><strong>de-</strong></span> 
     </span>
     <span class='ocr_line' id='line_1_32' title="bbox 236 4239 1280 4336; baseline -0.002 -22"><span class='ocrx_word' id='word_1_225' title='bbox 236 4243 365 4316; x_wconf 85' lang='lat' dir='ltr'><strong>scribit</strong></span> <span class='ocrx_word' id='word_1_226' title='bbox 382 4242 716 4316; x_wconf 87' lang='lat' dir='ltr'><strong>circumferentiam</strong></span> <span class='ocrx_word' id='word_1_227' title='bbox 730 4241 870 4327; x_wconf 90' lang='lat' dir='ltr'><strong>cirouli,</strong></span> <span class='ocrx_word' id='word_1_228' title='bbox 880 4263 993 4336; x_wconf 89' lang='lat' dir='ltr'><strong>quam</strong></span> <span class='ocrx_word' id='word_1_229' title='bbox 1005 4240 1099 4315; x_wconf 89' lang='lat' dir='ltr'><strong>dum</strong></span> <span class='ocrx_word' id='word_1_230' title='bbox 1112 4239 1280 4316; x_wconf 87' lang='lat' dir='ltr'><strong>describit</strong></span> 
     </span>
     <span class='ocr_line' id='line_1_33' title="bbox 236 4355 540 4430; baseline 0.003 -2"><span class='ocrx_word' id='word_1_231' title='bbox 236 4355 370 4429; x_wconf 88' lang='lat' dir='ltr'><strong>lineam</strong></span> <span class='ocrx_word' id='word_1_232' title='bbox 389 4369 540 4430; x_wconf 88' lang='lat' dir='ltr'><strong>rectam.</strong></span> 
     </span>
    </p>

    <p class='ocr_par' dir='ltr' id='par_1_4' title="bbox 287 4466 1280 4566">
     <span class='ocr_line' id='line_1_34' title="bbox 287 4466 1280 4566; baseline -0.004 -23"><span class='ocrx_word' id='word_1_233' title='bbox 287 4470 340 4543; x_wconf 82' lang='lat' dir='ltr'><strong>At</strong></span> <span class='ocrx_word' id='word_1_234' title='bbox 367 4470 534 4546; x_wconf 91' lang='lat' dir='ltr'><strong>definitio</strong></span> <span class='ocrx_word' id='word_1_235' title='bbox 568 4467 730 4543; x_wconf 88' lang='lat' dir='ltr'><strong>Euclidis</strong></span> <span class='ocrx_word' id='word_1_236' title='bbox 759 4466 909 4542; x_wconf 90' lang='lat' dir='ltr'><strong>omnino</strong></span> <span class='ocrx_word' id='word_1_237' title='bbox 934 4476 992 4540; x_wconf 88' lang='lat' dir='ltr'><strong>est</strong></span> <span class='ocrx_word' id='word_1_238' title='bbox 1020 4467 1280 4566; x_wconf 84' lang='lat' dir='ltr'><strong>insignificaus.</strong></span> 
     </span>
    </p>
   </div>
   <div class='ocr_carea' id='block_1_4' title="bbox 0 0 1314 5092">
    <p class='ocr_par' dir='ltr' id='par_1_5' title="bbox 0 0 1314 5092">
     <span class='ocr_line' id='line_1_35' title="bbox 0 0 1314 5092; baseline 0 0"><span class='ocrx_word' id='word_1_239' title='bbox 0 0 1314 5092; x_wconf 95' lang='lat' dir='ltr'><strong> </strong></span> 
     </span>
    </p>
   </div>
  </div>
 </body>
</html>
