2618 5092
197 632 280 701 ³60
480 648 974 705 ruonusuarsrursrca.

205 1096 594 1174 PROPOSITIONES
639 1096 731 1173 XVI
774 1098 841 1173 DE
887 1080 1223 1175 unumunurn
1277 1036 1279 1051 Ι

617 1248 835 1327 CIRCULI.

266 1624 322 1677 Al)
352 1622 578 1677 uncuonltu
601 1621 911 1678 unctionum
934 1622 1181 1679 summotum

539 1748 910 1803 annantuncuus.

204 1880 268 1953 Nn
304 1877 540 1953 multitudine
573 1878 756 1953 linearum
784 1877 825 1952 in
859 1876 1132 1977 diagrammate
1151 1902 1174 1953 a
1190 1877 1231 1951 le·

202 1991 326 2090 gendo
350 1990 570 2083 deterream,
587 1990 793 2067 mouendus
816 2015 867 2083 es,
884 1992 1075 2066 rationem
1095 1990 1233 2067 circum

203 2104 372 2180 ferentiae
395 2104 524 2180 circuli
550 2106 599 2181 ad
621 2106 843 2181 diametrum
859 2104 1155 2180 demonstratam
1168 2124 1233 2179 mse

203 2243 227 2292 a
253 2219 526 2294 constructione
557 2217 688 2316 prima,
716 2228 911 2293 constante
938 2240 987 2292 ex
1022 2218 1133 2294 lineis
1160 2216 1233 2291 satis

203 2333 342 2428 paucis,
364 2344 401 2406 et
423 2332 530 2405 facile
555 2331 836 2429 distinguendis.
890 2331 1020 2405 Habes
1043 2355 1134 2428 ergo
1151 2328 1234 2428 quod

202 2447 386 2543 promittit
403 2446 545 2533 titulus,
563 2445 602 2517 in
621 2444 762 2518 duabus
785 2444 912 2542 primis
933 2444 1234 2540 propositionibus

202 2558 310 2655 plene
327 2559 543 2655 praestitum.
597 2559 637 2631 Si
650 2570 775 2631 tamen
788 2557 1085 2653 propositionum
1099 2569 1235 2631 caetera-

203 2696 285 2745 rum
302 2670 551 2767 pulchritudo,
566 2683 609 2745 ut
626 2671 770 2744 illarum
788 2671 900 2743 etiam
914 2670 1234 2744 demonstrationes

203 2784 325 2880 legere
343 2795 381 2858 et
398 2784 608 2857 examinare
625 2784 728 2874 velis,
750 2783 914 2870 suadeat,
933 2808 956 2855 a
973 2783 1084 2857 lineis
1102 2781 1234 2879 reliquis

204 2898 382 2970 minorem
409 2898 560 2972 habebis
586 2897 815 2970 molestiam:
843 2909 880 2969 et
898 2909 1041 2993 quanto
1066 2899 1149 2993 plus
1165 2920 1234 2994 pro

203 3010 393 3107 gredieris,
408 3023 511 3085 tanto
529 3034 673 3107 semper
685 3012 783 3084 viam
796 3010 962 3083 iuvenies
975 3011 1233 3106 procliviorem.

628 3258 823 3268 ..ι-

627 3272 824 3286 —

550 3485 841 3538 coNsnnucnlo
860 3486 887 3538 1.

15 3675 178 3717 :ossuuc-
202 3639 501 3712 Duscumarun
520 3639 739 3735 quadratum
756 3639 915 3727 Asel),
935 3651 974 3713 et
997 3639 1184 3714 dividatur
1204 3639 1235 3711 in

60 3757 118 3798 oro.
202 3761 360 3849 quatuor
373 3752 553 3848 quadrata
568 3752 724 3848 aequalia
740 3777 763 3825 a
780 3752 920 3826 duabus
934 3751 1047 3827 rectis
1064 3754 1144 3843 EF,
1156 3751 1234 3839 GH,

16 3824 160 3861 ψ
200 3888 240 3938 se
257 3877 385 3937 mutuo
404 3866 614 3939 secantibus
630 3867 669 3939 in
687 3866 728 3950 I;
755 3865 1011 3962 ducanturque
1034 3865 1235 3963 diagonales

199 3978 282 4067 Ae,
301 3979 383 4052 BD.
436 3979 572 4053 Centro
589 3981 635 4069 A,
653 3979 758 4054 radio
775 3980 845 4053 AB
864 3980 1024 4054 ducatur
1035 4004 1145 4055 arcus
1157 4003 1236 4077 qua·

199 4092 340 4165 drantis
360 4092 442 4181 BD,
461 4116 589 4166 secans
606 4106 746 4167 rectam
763 4094 829 4167 EF
845 4093 884 4166 in
899 4093 947 4182 K,
958 4104 998 4167 et
1013 4106 1157 4168 rectam
1168 4090 1235 4166 GH

198 4205 237 4279 iu
265 4206 300 4293 le,
327 4218 365 4279 et
397 4205 467 4279 Ac
496 4206 535 4279 in
553 4207 606 4292 P;
633 4207 758 4304 itaque
789 4230 896 4279 arcus
924 4205 997 4280 BD
1025 4219 1148 4282 sectus
1174 4203 1236 4278 erit

198 4319 367 4392 bifariam
398 4318 436 4392 in
464 4320 504 4393 P.
573 4320 738 4394 Ducatur
767 4321 844 4394 DK
861 4343 991 4394 secans
1022 4321 1098 4394 AC
1130 4322 1168 4394 in
1196 4319 1235 4405 0,

198 4444 236 4504 et
252 4433 478 4528 producatur
495 4432 543 4506 ad
562 4433 630 4506 BC
649 4436 687 4507 in
710 4435 764 4507 M.
819 4435 863 4508 lu
890 4434 1076 4530 producta
1100 4434 1168 4508 Bc
1183 4457 1235 4506 su·

197 4557 318 4619 matur
336 4545 397 4619 CL
414 4547 563 4643 aequalis
581 4548 666 4624 CM.
709 4549 803 4622 Item
819 4549 858 4622 in
875 4548 943 4622 Dc
963 4558 1235 4625 sumaturrecta
