2618 5092
255 687 581 743 manaannnrcn
603 689 848 743 nonrnann.
1027 673 1069 740 91

71 857 120 930 B.
147 857 230 931 Cur
258 857 319 930 ita
341 855 432 930 fecit
456 857 605 943 nesci0;
631 857 714 947 nisi,
732 858 819 955 quia
842 856 1079 953 Ougthredus
1112 877 1263 921 mamus

41 971 227 1045 iactiones
244 969 446 1044 decimales
462 982 546 1067 post
571 971 728 1045 unitatis
745 971 868 1044 locum
884 971 1021 1067 posuit,
1038 979 1082 1044 ut
1123 960 1263 1064 »¹2¹¹ss-

41 1109 107 1181 puae
128 1085 231 1158 fiunt
249 1109 274 1158 a
294 1084 458 1157 numeris
478 1096 563 1180 post
590 1084 804 1158 divisionem
833 1107 899 1180 per
922 1093 1080 1174 10‚100,

41 1206 138 1284 1000,
155 1207 233 1286 etc,
251 1195 422 1285 residuis,
447 1208 485 1269 et
510 1197 733 1292 separatrice
760 1197 868 1287 linea,
889 1222 963 1294 qua
989 1221 1082 1295 quo-

41 1311 123 1384 tiens
148 1335 173 1384 a
196 1332 358 1383 numero
385 1308 581 1382 dividendo
608 1320 811 1405 separatur,
828 1311 1011 1397 distinxit,
1038 1335 1082 1384 eo

41 1426 101 1498 fine
130 1438 176 1499 ut
204 1423 450 1512 additionem,
478 1423 779 1513 subtractionem,
807 1423 1083 1520 multiplicatio-

41 1563 127 1628 nem,
141 1550 183 1613 et
200 1537 422 1611 divisionem
436 1548 513 1610 tam
525 1537 755 1634 integrorum
767 1561 878 1633 quam
892 1538 1083 1611 fractionis

41 1652 162 1726 iisdem
190 1650 471 1748 operationibus
499 1651 827 1746 complecteretur;
854 1650 939 1725 ideo
956 1651 1084 1725 Walli·

42 1765 107 1838 sius
123 1765 190 1863 qni
211 1763 312 1837 forte
336 1761 430 1860 qnid
455 1761 502 1834 ab
527 1761 745 1858 Ougthredo
774 1763 892 1853 fieret,
916 1787 993 1837 nou
1019 1789 1084 1837 eur

42 1879 138 1951 fieret
163 1873 501 1963 animadvertisset,
528 1898 703 1949 numeros
737 1876 864 1949 ambos
898 1876 1085 1972 integrum

43 2001 73 2064 et
98 1990 275 2074 fractum,
299 1986 503 2082 conjunxit,
526 1986 639 2060 etiam
665 1988 731 2061 ubi
754 2012 831 2062 non
859 1999 956 2062 esset
978 2012 1084 2084 apua,

43 2125 101 2198 per
116 2101 381 2176 imitationem.

87 2216 136 2289 A.
163 2213 378 2288 Verisimile
395 2224 461 2287 est.
508 2214 719 2288 (iurantem
737 2227 794 2288 tot
804 2214 924 2289 verbis
941 2214 991 2287 ad
1007 2238 1086 2288 rem

44 2341 113 2403 tam
124 2327 278 2403 facilem
294 2326 480 2422 explicatu
497 2350 585 2401 usus
605 2341 673 2419 est,
690 2329 886 2402 manifesta
902 2352 1013 2402 causa
1030 2340 1087 2401 est

44 2442 137 2537 quod
147 2465 205 2531 ea,
217 2464 302 2537 quae
315 2440 587 2535 scripturiebat,
599 2441 713 2516 cruda
723 2442 844 2516 adhuc
855 2456 894 2516 et
903 2442 1087 2539 indigesta

44 2554 91 2628 illi
107 2567 230 2628 erant.
285 2553 380 2627 Quae
396 2565 519 2627 autem
538 2554 703 2629 nondum
720 2556 884 2652 perfecte
902 2555 1087 2645 didiceris,

44 2691 231 2764 nunquam
259 2666 423 2740 breviter
445 2677 483 2740 et
504 2668 699 2764 perspicue
725 2669 910 2765 explicare
936 2671 1088 2768 poteris.

90 2779 271 2876 Sequitur
288 2778 408 2874 Caput
424 2778 660 2852 undecimum
684 2780 732 2854 de
748 2780 955 2856 Notationc
971 2781 1089 2881 Alge-

45 2891 185 2966 troica

93 3005 142 3078 B.
170 3006 239 3077 Est
256 3004 295 3077 in
313 3027 357 3077 eo
375 3003 494 3100 capite
512 3005 612 3100 quod
627 3030 703 3079 non
719 3007 898 3103 intellige.

92 3118 144 3193 A.
172 3116 338 3193 Ostende
358 3115 491 3190 locum.

94 3231 145 3306 B.
173 3232 244 3304 En.
300 3230 345 3303 Si
361 3253 459 3319 vero,
477 3241 549 3303 etc.

95 3347 145 3418 A.
173 3342 219 3416 Si
231 3366 316 3416 acro
326 3343 453 3415 cadem
467 3343 649 3416 unitatum
661 3341 871 3433 multitudo,
885 3368 1017 3441 nempe
1030 3351 1091 3434 27,

48 3459 84 3532 iu
119 3455 295 3531 continua
321 3455 568 3553 proportione
600 3455 815 3554 quadrupla
854 3457 1091 3555 disponatur,

47 3580 212 3668 ernerget
238 3568 515 3665 quaternionum
538 3568 730 3665 quaternio
756 3595 861 3660 unua,
879 3582 918 3645 et
940 3572 1012 3646 duo
1037 3574 1093 3647 in-

47 3707 161 3782 super
186 3682 378 3780 simplices
401 3682 673 3779 quaterniones,
694 3709 775 3756 caua
791 3683 912 3758 tribur
928 3687 1094 3762 reciduis

47 3795 265 3870 unitatibus.

100 3909 149 3982 B.
179 3909 277 3998 Hoc,
295 3907 458 4004 iuquam,
475 3932 551 3981 uon
570 3909 750 4005 intelligo.
803 3912 901 3985 Nam
918 3914 950 3986 si
962 3916 1095 4009 jubear

50 4022 247 4120 disponere
275 4025 323 4104 27
341 4022 379 4094 in
406 4013 647 4119 proportione
677 4025 883 4122 quadrupla
907 4030 1094 4117 continua,

50 4136 90 4210 id
115 4148 185 4228 est,
217 4137 257 4209 iu
286 4136 525 4231 proportione
556 4147 1000 4229 numerorum1,4,16;
1026 4165 1095 4236 pro

50 4251 170 4348 primo
197 4273 354 4323 numero
380 4272 556 4345 ponerem
574 4250 620 4334 A,
637 4274 704 4344 pro
731 4252 892 4326 secundo
918 4254 1002 4340 4Α,
1028 4277 1096 4348 pro

51 4364 161 4437 tertio
180 4371 224 4436 16
237 4362 293 4447 Α;
321 4385 478 4457 quorum
496 4385 638 4435 summa
653 4374 711 4435 est
722 4372 765 4437 21
783 4364 827 4436 Α.
864 4365 989 4438 Diviso
1008 4388 1097 4460 ergo

51 4479 100 4559 27
117 4500 184 4574 per
215 4484 277 4564 21,
307 4471 526 4571 prodibit-,¹3-
547 4476 623 4548 sive
655 4473 727 4565 Ι-ἓ,
755 4501 823 4572 pro
845 4478 888 4550 Α.
940 4478 989 4550 Et
1013 4487 1035 4550 4
1063 4482 1096 4550 A

52 4602 162 4665 emat
180 4588 261 4678 5÷3
287 4588 576 4679 et16A‚20—;-;
603 4589 667 4685 qui
692 4590 835 4663 numeri
864 4591 1006 4666 faciunt
1033 4617 1097 4689 ag-
