2618 5092
246 668 303 723 nn
321 670 625 723 msunrrunrnn
645 671 829 726 cracuun
980 653 1058 732 371‘

51 835 293 933 Propouatur
308 836 474 911 invenire
495 847 636 913 rectam
653 838 829 937 aequalem
843 837 946 911 arcui
963 861 1054 935 qna·
1087 870 1251 911 senonum

10 948 147 1024 drautis
182 948 363 1047 descripti
389 973 413 1023 a
442 951 582 1046 majore
615 962 806 1049 segmento
832 949 959 1025 lateris
987 948 1054 1022 AB
1094 941 1236 974 ψ

10 1062 95 1136 secti
112 1071 285 1136 extrema
299 1073 338 1135 et
353 1061 476 1136 media
491 1063 648 1137 ratione.
692 1062 971 1138 Semidiametro
987 1065 1055 1139 AG

10 1175 241 1250 describatur
270 1198 378 1249 arcus
407 1198 536 1249 secans
558 1177 624 1251 ΑΕ
653 1175 693 1250 in
717 1177 759 1263 δ;
785 1176 858 1250 erit
888 1199 977 1273 ergo
1000 1178 1054 1251 δΕ

10 1297 242 1385 segmentum
255 1289 373 1384 majus
386 1288 512 1362 lateris
522 1288 590 1362 AB
603 1290 695 1364 secti
707 1302 874 1365 extrema
886 1301 925 1363 et
934 1291 1057 1366 media

10 1402 164 1476 ratione.
217 1401 410 1477 Ponuntur
426 1403 465 1476 in
481 1403 560 1489 AB,
578 1404 659 1492 RO,
678 1404 758 1494 AD,
778 1414 890 1479 rectae
907 1406 976 1493 Aa,
996 1405 1057 1495 Βι,

10 1515 77 1604 Ro,
96 1517 157 1589 Αθ
172 1514 330 1612 singulae
354 1516 514 1613 aquales
539 1517 610 1615 ipsi
627 1517 693 1590 δΕ.
746 1519 1003 1615 Jungatnrqne
1022 1522 1058 1590 ιθ

10 1651 138 1702 secans
154 1628 233 1703 ΑΜ
251 1628 289 1702 iu
306 1631 343 1718 λ,
361 1640 399 1703 et
424 1629 492 1704 RO
515 1629 554 1702 in
576 1664 607 1720 η,
626 1641 664 1704 et
691 1630 849 1705 ducatur
872 1641 975 1705 recta
991 1631 1058 1717 Αη,

10 1755 45 1816 et
78 1742 309 1839 producatur
340 1742 390 1815 ad
419 1742 483 1816 Bc
510 1743 552 1816 in
572 1777 597 1816 ε.
653 1743 736 1817 Erit
764 1768 854 1839 ergo
884 1754 987 1817 recta
1012 1744 1058 1817 Βε

10 1855 161 1952 aequalis
175 1855 282 1929 arcui
299 1855 514 1952 quadrantis
531 1856 708 1953 descripti
725 1856 829 1931 radio
846 1856 925 1942 A&
955 1857 1058 1953 (quia

10 1979 76 2058 cst,
88 1977 134 2042 ut
150 1968 215 2043 Bc
226 1967 276 2042 ad
289 1968 374 2058 CM,
387 1970 441 2043 ita
451 1970 510 2052 lt„
521 1970 569 2044 ad
579 1969 670 2064 Βε);
690 1970 890 2067 eademque
907 1971 1057 2066 aequalis

10 2081 112 2155 mcui
124 2079 312 2177 descripto
328 2105 353 2155 a
369 2084 508 2180 majore
522 2094 713 2180 segmento
724 2086 795 2173 ΑΖ,
807 2107 941 2179 nempe
954 2084 1057 2157 arcui

10 2197 62 2284 ζθ,
79 2194 286 2291 eademque
312 2197 433 2292 majus
457 2208 689 2293 segmentum
706 2207 820 2271 rcctoe
838 2196 914 2271 ΒΜ
931 2197 1058 2270 divisae

13 2319 181 2383 extrema
197 2319 237 2383 et
257 2307 380 2383 media
400 2310 544 2384 ratione
566 2310 605 2385 in
623 2342 661 2390 ει
698 2322 736 2385 et
753 2311 810 2385 εΜ
827 2322 1056 2409 segmentum

10 2444 144 2495 munus

58 2534 128 2608 Sin
144 2542 332 2631 quaeratur
348 2535 567 2632 magnitudo
584 2546 696 2611 rcctae
715 2537 788 2627 Βλ,
805 2548 962 2634 quaeest
980 2537 1058 2611 dia-

10 2647 153 2746 gonalis
176 2647 347 2744 quadrati
363 2673 387 2723 a
402 2651 543 2747 majore
565 2660 758 2747 segmento
776 2648 837 2741 Βι,
856 2651 1059 2747 eademque

10 2772 123 2835 rectae
155 2759 222 2834 BD
253 2760 380 2836 dirisae
403 2773 569 2836 extrema
596 2775 634 2837 et
658 2763 782 2837 media
805 2765 949 2839 ratione
977 2788 1059 2861 seg-

10 2883 178 2947 mentum
205 2874 345 2970 majus;
371 2899 458 2948 cum
483 2899 529 2949 ex
554 2899 600 2950 eo
620 2875 721 2971 quod
748 2876 798 2949 sit
828 2887 1060 2973 segmentum

10 2989 130 3084 majus
147 2986 344 3061 difficulter
360 2988 420 3062 vel
444 3011 521 3062 uon
546 2988 696 3062 omnino
714 2988 959 3063 demonstrari
976 3013 1059 3084 pos-

10 3100 68 3190 sit,
84 3100 209 3197 primo
225 3101 438 3175 mechanicc
464 3101 568 3174 illum
585 3125 759 3197 comparo
778 3125 863 3175 cnm
880 3112 983 3176 recta
1000 3103 1059 3174 FE

10 3213 67 3287 rei
79 3213 161 3303 AB,
176 3224 214 3287 et
229 3213 331 3287 illam
344 3214 491 3289 invenio
505 3214 684 3311 proxime,
698 3226 736 3288 et
753 3215 833 3288 sine
850 3215 1061 3289 differentia

10 3326 187 3416 sensibili
204 3327 381 3402 accedere
393 3327 442 3401 ud
458 3327 750 3425 magnitudinem
762 3339 876 3402 rectae
890 3329 966 3417 FK,
977 3352 1060 3423 quae

10 3448 66 3513 est
77 3439 184 3514 sinus
196 3450 320 3514 rectus
333 3449 383 3515 60
397 3441 590 3538 graduum.
629 3441 759 3537 Itaque
771 3443 881 3537 juxta
893 3441 1060 3537 regulam

11 3552 219 3650 analytica,
245 3576 412 3650 suppono
441 3553 675 3650 diagonalem
702 3553 762 3626 Βλ
789 3577 868 3626 esse
896 3554 966 3650 ipsi
994 3555 1059 3626 FK

10 3666 203 3764 aequalem.
256 3665 446 3739 Calculum
468 3679 593 3741 autem
612 3667 708 3740 ineo.
762 3666 995 3741 Quadratum
1013 3669 1059 3740 ab

11 3778 74 3853 ln<
108 3777 253 3877 aequale
286 3789 344 3853 cst
377 3778 537 3853 sedecim
572 3779 762 3875 quadratis
789 3803 812 3853 a
841 3791 974 3877 quarta
1003 3780 1060 3855 sui

11 3903 128 3988 parte.
172 3891 272 3986 Ergo
288 3890 508 3987 quadratum
525 3916 549 3964 a
566 3890 750 3987 diagonali
764 3890 831 3967 BD
844 3892 986 3989 aequale
1004 3905 1060 3965 est

12 4012 60 4079 32
77 4002 271 4101 quadratis
287 4028 310 4077 a
326 4015 459 4100 quarta
473 4015 581 4100 parte
597 4003 724 4077 lateris
743 4004 809 4077 AB
827 4004 884 4077 vel
905 4005 974 4079 FB.

59 4118 110 4191 Et
126 4118 301 4214 quoniam
319 4116 537 4212 quadratum
555 4142 578 4191 a
595 4116 655 4189 Βλ
673 4117 893 4213 supponitur
917 4117 1058 4212 aequale

12 4230 194 4325 quadrato
211 4228 259 4303 ab
277 4230 353 4320 FK,
372 4229 412 4302 id
434 4243 490 4304 est
517 4230 634 4303 tribus
651 4230 840 4326 quadratis
857 4254 880 4303 a
906 4229 1059 4302 dimidia

12 4343 91 4433 AB,
108 4343 222 4418 idest
243 4342 438 4418 duodecim
463 4343 653 4441 quadratis
669 4369 693 4417 a
709 4355 842 4440 quarta
867 4353 973 4439 parte
991 4342 1057 4414 AB

13 4456 72 4529 rei
87 4456 159 4547 EF,
177 4457 248 4531 erit
278 4481 423 4554 quoque
451 4458 671 4555 quadratum
690 4484 714 4533 a
731 4459 790 4532 Βλ
810 4457 950 4551 aequale
967 4457 1058 4530 duo-

862 4590 962 4642 nna
