2618 5092
209 692 281 758 244
525 701 581 756 ns
599 699 772 757 narona
788 698 928 755 annis.

210 869 372 967 cognita.
423 866 583 964 Ideoque
598 888 729 939 vereor
747 887 795 939 ne
811 888 858 939 ex
880 862 1082 962 suppositis
1104 863 1233 961 quibus-

211 983 297 1057 dam
313 981 409 1056 aeris
425 978 712 1078 proprietatibus
728 977 953 1053 concludant
968 975 1236 1075 spatiumque

211 1123 236 1171 a
269 1110 415 1169 suctore
442 1106 604 1167 retracto
637 1092 869 1188 relinquitur,
895 1114 975 1167 esse
1007 1114 1186 1177 vucnum3
1205 1102 1238 1163 et

211 1210 258 1284 ab
276 1234 319 1283 eo
337 1230 474 1296 rursus,
487 1204 587 1302 quod
603 1204 763 1302 spatium
778 1204 871 1279 illud
887 1215 1131 1295 eutrandum,
1141 1202 1238 1278 talen

212 1324 368 1420 probare
378 1320 493 1393 velint
509 1340 589 1393 esse
599 1328 769 1392 naturam
782 1318 880 1393 seris
892 1316 1041 1415 qualem
1056 1338 1239 1415 supposue-

212 1447 319 1509 rant:
337 1434 375 1508 id
393 1445 461 1522 est,
476 1454 523 1505 ne
539 1430 794 1505 demonstrent
808 1430 888 1504 sine
904 1430 1088 1528 principio
1105 1430 1241 1505 demon·

214 1547 413 1623 strationis.

266 1661 314 1734 B.
342 1659 499 1735 Qualem
516 1668 640 1731 autem
657 1656 752 1731 aeris
777 1666 949 1731 naturam
970 1656 1184 1755 imaginaris
1197 1666 1242 1745 tu,

216 1797 288 1871 qua
305 1772 506 1870 supposito,
523 1770 683 1868 spatium
699 1769 792 1844 illud
807 1771 941 1868 repleri
956 1769 1109 1868 potest?

265 1887 315 1961 A.
340 1882 493 1983 Egone?
554 1884 730 1981 Suppono
759 1908 881 1959 aerem
914 1884 1085 1977 fluidum,
1117 1882 1245 1971 idest,

215 1999 322 2074 facile
340 1998 557 2073 divisibilem
574 1996 613 2070 in
629 2008 754 2093 partes
771 2020 916 2095 semper
941 1998 1077 2073 fluidas
1097 2018 1247 2094 semper·

216 2137 289 2210 que
305 2136 441 2201 aerem,
459 2134 503 2184 eo
527 2108 729 2206 modoque
746 2133 855 2183 omne
881 2122 1063 2208 quantum
1080 2108 1248 2185 divisibile

216 2237 273 2301 est
289 2227 327 2299 in
344 2247 486 2320 semper
504 2232 653 2320 quanta.
705 2223 785 2296 Nee
814 2246 982 2319 suppono
1012 2234 1173 2313 tantum,
1194 2218 1249 2294 sed

216 2338 328 2412 credo
344 2320 509 2435 quoque}
520 2335 629 2409 modo
647 2360 771 2409 aerem
795 2336 1042 2433 intelligamus
1069 2338 1117 2411 ab
1136 2336 1248 2411 omni*

218 2465 327 2525 terrae
344 2474 522 2548 aquaeque
539 2449 692 2522 effluviis
710 2473 854 2545 purum,
872 2450 990 2547 qualis
1009 2462 1167 2547 putatur
1181 2472 1249 2523 esse

218 2565 344 2639 aether.
410 2563 540 2657 Neque
575 2572 633 2634 est
666 2563 728 2659 qui
754 2562 932 2636 hactenus
963 2563 1077 2636 ullam
1107 2562 1250 2637 adduxit

218 2677 410 2764 rationem,
425 2698 536 2769 quare
554 2675 607 2747 ita
624 2698 702 2748 esse
720 2699 794 2749 non
812 2687 948 2772 potest.
1002 2676 1148 2750 Contra
1160 2698 1249 2761 vero,

219 2789 250 2861 si
283 2811 368 2885 pars
402 2789 507 2877 cerie,
548 2798 686 2883 quanta
716 2802 771 2861 est
809 2789 960 2862 minima
994 2813 1107 2885 quam
1138 2786 1250 2862 vidisti

218 2925 379 2997 unquam
396 2911 635 2998 guttasque,
653 2901 766 2974 fluida
783 2914 850 2991 est,
873 2903 1058 2999 quomodo
1087 2904 1157 2978 tibi
1177 2926 1250 3000 pro

219 3013 394 3110 baturus†
412 3026 468 3087 est
485 3014 624 3110 aliquid
642 3014 741 3110 quod
757 3039 842 3110 pars
860 3016 1012 3089 dimidia
1035 3019 1116 3112 ejus
1134 3016 1250 3113 partis,

219 3127 290 3217 vel,
303 3128 335 3201 si
348 3127 414 3216 vis,
428 3127 566 3200 centies
578 3128 711 3201 millies
724 3128 929 3219 millesima,
943 3153 1017 3203 non
1036 3131 1085 3203 sit
1098 3129 1252 3227 ejusdem

220 3252 373 3328 naturae,
390 3264 521 3336 nempe
535 3240 649 3314 fluida
666 3252 704 3314 et
720 3264 795 3329 aer,
813 3265 876 3314 aer
894 3242 1045 3337 inquam
1062 3241 1201 3339 purus?

269 3354 319 3427 B.
346 3352 420 3428 Sed
436 3353 602 3450 plerique
618 3363 787 3427 nostrum
801 3364 970 3428 naturam
983 3355 1138 3430 fluidam
1152 3381 1175 3429 a
1187 3377 1252 3429 non

220 3467 334 3541 fluida
349 3466 607 3563 distinguimus
624 3464 879 3562 magnitudine
893 3468 1053 3563 partium
1068 3493 1117 3542 ex
1134 3469 1253 3566 quibus

222 3604 355 3677 corpus
397 3579 547 3676 aliquod
580 3592 737 3667 constat,
780 3592 818 3653 et
854 3582 958 3677 quasi
1000 3583 1252 3680 compingitur.

225 3692 356 3789 Itaque
397 3716 473 3766 non
510 3691 620 3765 modo
654 3715 788 3782 aerem,
822 3717 968 3789 aquam,
1003 3706 1043 3768 et
1084 3696 1254 3792 liquorem

224 3829 382 3893 omnem,
400 3804 465 3877 sed
486 3804 595 3879 etiam
618 3805 779 3877 cinerem
806 3817 844 3878 et
872 3807 1060 3902 pulverem
1089 3822 1255 3906 tanquam

223 3917 337 3991 fluida
365 3919 665 4014 contemplamur.
734 3918 782 3992 Et
815 3918 928 3993 fluida
958 3944 1004 3993 ex
1033 3945 1112 3995 non
1144 3921 1257 3996 fluidis

225 4031 426 4128 composita
443 4056 520 4105 esse
539 4056 645 4129 posse
668 4056 743 4106 non
773 4057 961 4128 negamus.
1014 4035 1115 4108 Nam
1143 4035 1256 4110 divisi·

223 4143 403 4218 bilitatem
422 4146 521 4218 illam
539 4146 719 4219 infinitam
739 4171 812 4220 non
831 4150 1108 4244 concoquimus.

276 4258 325 4332 Α.
352 4259 490 4332 Divisio
508 4259 656 4355 quidem
681 4260 826 4333 infinita
852 4261 997 4358 concipi
1026 4285 1104 4336 non
1133 4274 1257 4360 potest,

225 4368 455 4445 divisibilitas
472 4384 595 4445 autem
616 4371 735 4446 facile.
786 4375 878 4469 Ege,
897 4388 1040 4463 eontra,
1061 4375 1258 4450 distinetio-

305 4606 323 4642 ⁸
338 4605 388 4667 sic
401 4608 480 4667 Edit.
500 4609 571 4666 1661
590 4617 620 4667 et
636 4610 721 4667 1688.
896 4609 913 4673 †
935 4609 985 4671 Sic
999 4611 1082 4673 Edit.
1102 4617 1188 4676 1668.
