2618 5092
234 640 308 705 424
376 651 432 704 ult
450 648 682 709 Parumne
700 648 754 701 ltu·
771 640 1144 701 ΒΔΉΟΟῙΝΔΉΟΝΙ

47 847 112 889 ιιι.
127 846 194 887 ιιιι.
234 843 326 893 voce
343 818 472 893 Graeea
489 815 605 890 utitur
626 812 799 889 Euclides
821 836 892 911 pro
906 812 1057 887 ratione
1073 820 1098 887 2
1115 808 1164 887 ad
1186 820 1199 887 l
1217 810 1265 887 rel

47 916 196 1019 Μ,
236 942 258 1006 4
278 932 326 1005 ad
342 941 378 1018 2,
392 931 455 1003 ubi
474 952 600 1003 rursus
613 928 761 1004 Clarius
777 926 878 1001 illam
890 926 1019 1001 reddit
1034 948 1105 1023 per
1118 924 1265 1025 dupla:

47 1036 136 1085 ’Μ
238 1045 371 1119 Nonne
392 1068 481 1139 ergo
499 1058 538 1117 et
560 1043 639 1139 ipse
656 1040 815 1127 Clarius,
831 1064 878 1115 ex
900 1062 947 1115 eo
963 1038 1068 1136 quod
1089 1038 1184 1113 dixit
1205 1038 1267 1113 llu-

237 1156 351 1231 clides
381 1156 617 1252 duplicatam,
642 1152 824 1227 intellexit
851 1152 964 1245 (siout
993 1152 1076 1243 alii)
1108 1150 1268 1249 duplaml

239 1271 314 1347 Qui
347 1270 449 1342 uerbi
482 1268 647 1365 ejusdem
681 1266 991 1363 significationem
1023 1264 1138 1339 modo
1172 1288 1269 1339 uuam

240 1382 350 1456 modo
368 1382 477 1456 aliam
499 1381 600 1471 facit,
617 1380 708 1453 mibi
734 1378 884 1476 quidem
906 1377 1058 1454 videtur
1082 1380 1271 1476 subjectam

240 1520 318 1569 rem
339 1495 440 1568 nullo
466 1493 578 1568 modo
607 1493 825 1589 intelligere.
878 1492 965 1568 Quo
982 1505 1112 1565 autem
1139 1491 1270 1567 nomine

243 1607 480 1705 appellabunt
496 1606 677 1680 rationem
693 1604 817 1678 uada
836 1616 1093 1701 comparatam
1118 1627 1202 1678 oum
1223 1626 1271 1675 ru·

242 1722 343 1795 tioue
361 1728 385 1794 8
402 1719 449 1793 ad
468 1718 517 1793 2?
569 1719 705 1793 Dicent
730 1718 832 1791 illam
858 1742 940 1791 esse
967 1718 1081 1815 hujus
1101 1714 1273 1814 euldnplt

243 1842 378 1923 cotom,
397 1845 435 1905 et
452 1832 607 1906 rationis
625 1840 648 1905 8
665 1831 714 1906 ad
735 1840 750 1905 l
771 1829 1091 1931 subtriplr'catum.
1154 1830 1274 1905 Nume-

244 1968 326 2017 rum
342 1956 465 2017 autem
485 1942 629 2017 numeri
654 1942 876 2039 subduplum
898 1942 1039 2033 dicent,
1057 1966 1136 2017 uon
1152 1942 1273 2017 subdu-

245 2058 445 2154 plieatum;
472 2069 509 2130 et
532 2080 727 2130 numerum
750 2056 937 2131 annueri
953 2063 979 2129 6
997 2079 1076 2131 nou
1104 2056 1275 2155 subtripli·

245 2182 381 2258 catum,
416 2169 482 2242 sed
524 2168 767 2265 subtriplum:
805 2168 957 2243 uomina
999 2169 1148 2245 Intiuae
1188 2169 1277 2268 genti

245 2283 422 2357 inaudita.
473 2283 601 2379 Itaque
619 2283 796 2357 cessantis
814 2284 892 2380 jam
908 2282 1050 2380 liuguae
1067 2286 1193 2375 verba,
1209 2308 1278 2382 qua

247 2396 350 2471 velut
377 2408 600 2469 testamenta
629 2410 748 2469 morte
779 2397 1000 2470 confirmata
1025 2410 1127 2486 sunt,
1149 2411 1186 2471 et
1210 2421 1277 2495 que

246 2512 380 2585 mutari
407 2536 481 2584 uon
511 2512 658 2602 debent,
688 2536 754 2585 suo
783 2511 935 2583 arbitrio
964 2513 1046 2583 siue
1075 2514 1279 2586 necessitate

249 2636 378 2698 mutat.
441 2625 541 2699 Quid
559 2626 655 2699 euim
684 2625 835 2699 omuino
858 2623 1046 2720 signifieat
1073 2626 1280 2723 subduplum

250 2750 314 2811 aut
332 2738 640 2832 subduplicatum,
664 2739 694 2811 si
713 2738 895 2834 signifieat
921 2737 1064 2834 aliquid
1088 2753 1222 2836 praeter
1237 2737 1281 2810 di·

251 2851 425 2923 midium:
444 2865 509 2924 aut
526 2852 744 2948 subtriplum
759 2852 816 2924 vel
834 2851 1147 2948 subtriplicatum‚
1164 2864 1283 2949 preter

252 2964 401 3038 tertiam
418 2976 573 3060 partem.
626 2964 808 3037 Retiuebo
825 2988 914 3059 ergo
930 2966 1117 3039 voeabula
1138 2964 1283 3062 propriu,

252 3078 479 3175 duplicatum
507 3100 641 3150 vocaus
671 3077 782 3149 etiam
809 3075 975 3173 duplum,
1001 3090 1040 3151 et
1071 3079 1285 3175 triplicatum

253 3191 402 3287 triplum
417 3221 426 3272 ;
454 3212 522 3261 nec
540 3212 607 3285 pro
626 3188 880 3284 subduplicato
898 3200 936 3261 et
954 3190 1214 3288 subtriplicato
1229 3188 1286 3261 du-

253 3305 380 3377 bitabo
398 3302 520 3375 dicere
539 3302 743 3387 dimidium,
761 3315 798 3375 et
822 3302 971 3375 tertiam
989 3319 1152 3400 partem,
1174 3303 1230 3376 vel
1247 3298 1286 3393 (si

254 3417 360 3505 libet)
391 3417 577 3489 trientem.
628 3414 749 3488 Etiam
774 3416 812 3488 iu
838 3416 1043 3490 rationibus
1072 3418 1288 3514 (quanquam

256 3530 293 3601 id
320 3553 394 3602 uon
417 3529 598 3602 concedat
616 3529 779 3619 Cluvius)
810 3528 978 3601 similiter
1010 3530 1147 3620 dicam,
1164 3530 1233 3603 uisi
1255 3525 1290 3600 id

255 3642 346 3714 falso
366 3642 437 3715 diei
456 3643 636 3717 ostendat.
674 3641 783 3716 Quod
801 3642 899 3714 euim
916 3654 1037 3738 rogat,
1056 3649 1081 3681 “
1096 3644 1191 3718 Quis
1206 3641 1290 3715 affir-

257 3755 371 3827 mabit
404 3756 442 3828 iu
477 3756 534 3828 bis
567 3756 729 3828 numeris
758 3755 934 3828 continue
961 3755 1290 3852 proportionalibus

258 3877 468 3956 25-5-1,
483 3869 756 3964 proportionem
774 3877 822 3941 25
842 3867 889 3940 ad
911 3876 924 3940 l
948 3867 1103 3963 duplam
1122 3893 1203 3942 esse
1218 3890 1292 3965 pro

258 3982 437 4077 portionis
467 3992 514 4054 25
546 3981 594 4054 ad
626 3990 673 4054 5:
700 3982 823 4077 potius
851 4005 932 4053 eam
950 3982 1033 4076 quis
1060 3982 1197 4055 dixerit
1221 4002 1292 4054 esse

260 4093 489 4191 quintuplum
500 4096 536 4166 ”z
564 4094 655 4166 nihil
678 4094 821 4190 probet.
875 4092 988 4179 Quid,
1012 4094 1101 4190 quia
1123 4094 1292 4168 terminus

259 4209 398 4305 primus
422 4220 478 4280 est
503 4207 717 4305 quintuplus
734 4206 897 4296 secundi,
916 4219 954 4279 et
977 4207 1166 4282 secundus
1183 4207 1291 4283 tertii:

259 4322 405 4395 obeam
424 4346 571 4395 causum
593 4320 727 4393 dixerit
752 4319 883 4417 aliquis
912 4321 1097 4395 rationem
1125 4331 1174 4396 25
1195 4321 1241 4396 ad
1264 4328 1291 4407 l,

259 4435 491 4532 quintuplum
517 4458 595 4507 esse
619 4433 772 4507 rationis
794 4443 815 4506 5
834 4433 882 4506 ad
905 4443 936 4522 l,
954 4434 1080 4529 potius
1098 4460 1207 4532 quam
1235 4433 1291 4507 du

258 4545 385 4639 plum?
448 4548 685 4622 Manifestum
715 4559 770 4620 est
800 4546 982 4621 rationem
1015 4557 1064 4623 25
1095 4549 1146 4623 ad
1176 4558 1197 4623 5
1224 4568 1289 4621 esse
