2618 5092
212 624 285 693 514
488 634 984 703 octonaruaacrncnnr,

20 831 197 875 usnemu.
210 806 327 883 lineas
346 804 406 901 (nt
421 804 532 880 modo
549 804 642 900 dixi)
666 826 792 903 puros,
818 800 859 879 id
885 810 946 877 est
969 797 1149 885 nibilias;
1174 820 1257 897 quas

24 900 170 937 *⁹⁴
210 918 637 1016 monogamorum
653 940 731 992 non
746 914 892 1013 recipit.
941 913 1088 1005 nereo,
1106 911 1195 1009 qua
1216 934 1257 985 οι

211 1032 356 1109 duabus
372 1031 484 1106 rectis
500 1032 576 1119 AZ,
585 1030 649 1121 Ze,
664 1028 898 1129 longitudine
909 1026 1136 1125 aequalibus,
1151 1024 1257 1101 sltem

211 1146 277 1221 ΑΖ
292 1168 380 1219 rere
396 1156 435 1219 et
452 1145 602 1243 proprie
618 1155 676 1221 est
694 1142 967 1241 rectangulum‚
983 1140 1110 1217 altera
1125 1138 1178 1213 Ze
1189 1148 1256 1213 tra·

213 1257 373 1356 pezium.
424 1259 533 1348 Item,
549 1268 662 1333 rectu
687 1282 817 1333 omnes
832 1280 916 1353 qna
930 1268 1124 1331 vocantur
1142 1254 1257 1329 damn

213 1370 496 1467 triangrrlorum,
513 1383 600 1445 sunt
626 1383 666 1445 et
691 1370 781 1469 ipsa
796 1368 999 1467 triangulo.
1052 1368 1211 1459 Quarto,
1225 1378 1257 1441 et

213 1485 409 1583 praecipue,
420 1483 508 1581 quia
524 1484 760 1559 arithmetica
771 1483 888 1559 nihilo
900 1482 1024 1580 magis
1035 1482 1202 1580 pertinet
1215 1480 1255 1555 ad

212 1596 466 1693 geometriam,
481 1619 591 1693 quam
615 1595 664 1670 ad
690 1597 802 1671 aliam
825 1595 1033 1691 quamlibet
1059 1594 1256 1669 scientium.

214 1710 260 1783 ln
275 1710 491 1807 geometria,
502 1708 605 1783 nulla
617 1723 675 1783 est
687 1708 806 1797 radix,
818 1708 962 1783 nullum
976 1708 1167 1806 quotiens.
1195 1708 1256 1782 lta·

215 1846 288 1919 que
304 1823 369 1919 qni
393 1846 440 1897 ex
457 1823 733 1921 operationibus
760 1822 1008 1897 arithmeticis
1036 1822 1258 1899 theoremata

214 1937 443 2033 geometrica
469 1938 723 2012 demonstrare
744 1936 838 2011 velle
864 1934 1094 2029 didicerunt,
1117 1958 1257 2035 operam

213 2060 253 2124 et
271 2061 418 2147 tempus
434 2049 688 2149 perdiderunt

267 2162 605 2259 Quantumcunque
618 2174 744 2238 autem
756 2162 796 2237 in
809 2163 973 2238 numeris
983 2164 1035 2238 sit
1046 2160 1258 2260 quadratum

215 2274 264 2349 ab
281 2274 352 2365 Ac,
370 2286 491 2349 rectas
507 2290 632 2349 tamen
650 2274 725 2365 ΑΖ,
739 2274 801 2364 Ze,
819 2275 929 2349 umul
945 2288 1128 2373 sumptas,
1146 2298 1257 2372 mqua-

216 2387 270 2461 les
287 2411 367 2461 esse
389 2389 492 2463 arcui
519 2388 593 2480 BC,
611 2390 650 2462 in
677 2388 970 2485 praecedentibus
997 2390 1089 2464 satis
1117 2388 1258 2462 demon·

218 2514 375 2576 stratum
390 2513 458 2575 est.

269 2616 451 2689 Caeterum
470 2615 571 2711 erige
588 2615 764 2705 animum,
775 2615 978 2691 Professor.
1006 2616 1153 2691 Nuntio
1171 2613 1259 2688 enim

219 2728 299 2817 tibi,
329 2728 399 2802 nisi
427 2727 632 2825 diagonalis
649 2728 716 2803 AG
744 2741 783 2801 et
810 2741 913 2803 recta
930 2728 978 2802 Bi
1001 2728 1058 2801 ita
1073 2751 1113 2800 se
1141 2740 1259 2800 mutuo

218 2855 357 2931 secent,
379 2854 422 2915 ut
452 2865 498 2915 ex
522 2855 681 2938 quatuor
700 2842 868 2939 partibus
892 2841 1068 2931 maxima,
1086 2865 1171 2937 quae
1195 2854 1261 2913 ter-

218 2956 382 3029 minatur
400 2956 436 3028 in
455 2955 482 3044 i,
500 2956 549 3028 sit
566 2978 695 3028 secans
714 2963 762 3029 30
779 2954 961 3052 graduum
979 2967 1211 3050 sumptorum
1227 2951 1261 3023 in

218 3094 307 3144 arcu
327 3070 408 3159 BC;
434 3081 471 3142 et
488 3069 657 3166 proxima
674 3068 740 3157 illi,
758 3092 841 3165 quae
865 3068 1088 3141 terminatur
1105 3068 1146 3141 in
1162 3067 1205 3155 G,
1220 3065 1262 3138 sit

219 3183 320 3256 sinus
333 3206 440 3255 arcus
457 3190 506 3256 60
519 3181 700 3279 graduum
719 3182 758 3255 in
775 3181 905 3255 eodem
921 3181 1063 3255 circulo
1078 3215 1089 3266 ;
1107 3193 1149 3254 et
1164 3202 1261 3278 prox·

219 3296 294 3370 ima
307 3296 405 3386 huic,
424 3320 507 3393 quae
525 3296 745 3369 terminatur
762 3296 801 3369 in
819 3295 862 3383 B,
880 3296 930 3368 sit
946 3318 1078 3369 secans
1095 3318 1203 3369 arcus
1219 3300 1262 3366 30

218 3409 401 3506 graduum
424 3411 461 3483 iu
489 3408 627 3483 circulo
652 3411 757 3505 cujus
783 3408 910 3481 radius
941 3421 1000 3482 est
1030 3409 1102 3507 Bq,
1120 3408 1179 3482 vel
1194 3408 1261 3481 Ae:

219 3536 259 3596 et
271 3524 423 3596 minima
436 3547 519 3618 quae
533 3522 753 3595 terminatur
766 3522 804 3594 in
820 3521 868 3611 A,
881 3521 929 3595 sit
942 3522 1046 3596 sinus
1063 3546 1173 3596 arcus
1188 3544 1263 3618 gm-

220 3635 335 3708 duum
353 3642 402 3710 60
420 3636 459 3708 in
477 3635 608 3709 eodem
627 3635 776 3725 circulo,
791 3638 895 3732 cujus
912 3636 1039 3709 radius
1056 3649 1116 3710 est
1135 3636 1199 3733 Bq,
1211 3632 1264 3706 rel

220 3749 299 3831 Ae;
326 3747 450 3820 omnia
467 3771 550 3843 quae
574 3748 613 3821 in
640 3747 934 3845 praecedentibus
952 3749 1053 3822 risus
1081 3772 1166 3821 sum
1181 3744 1262 3819 mihi

221 3864 506 3950 demonstrasse,
520 3863 614 3936 falsa
623 3887 713 3936 esse.
742 3862 964 3960 Dependent
976 3863 1077 3935 enim
1096 3887 1119 3935 a
1136 3881 1262 3958 praece·

221 3977 394 4051 dentibus
410 3999 509 4050 nexu
526 3977 746 4062 necessario,
761 3991 800 4049 et
816 3976 924 4049 facile
941 3975 1029 4049 inde
1043 3975 1179 4049 deduci
1191 3996 1261 4070 pos·

221 4104 309 4164 sunt
337 4114 362 4164 a
389 4089 568 4164 mediocri
598 4102 800 4187 geometra.
862 4090 1072 4187 Accingere
1102 4114 1191 4187 ergo
1219 4085 1261 4159 ad

221 4228 325 4301 spem
354 4228 500 4293 novam,
531 4215 569 4277 et
594 4204 806 4301 geometriae
832 4217 907 4279 tuae
937 4227 1073 4278 nervos
1099 4204 1148 4299 (si
1181 4222 1263 4300 qnos

220 4317 349 4412 habet)
370 4317 522 4392 intende
540 4341 678 4391 omnes.

273 4431 428 4506 Quaeres
471 4432 626 4505 fortasse
667 4429 902 4505 dissensionis
944 4431 1046 4505 inter
1090 4430 1265 4506 calculum

222 4544 495 4620 arithmeticum
527 4559 564 4619 et
590 4545 857 4643 geometricum
885 4545 1043 4641 quaesit
1073 4570 1207 4631 cansa;
1232 4558 1264 4616 et

223 4685 347 4739 meum
365 4689 445 4743 esse
463 4664 562 4740 dices
584 4668 681 4763 (quac
700 4675 754 4738 est
776 4676 841 4740 tua
853 4664 1013 4761 justitia)
1039 4688 1190 4740 causam
1215 4688 1264 4740 as·
