2618 5092
270 663 856 719 maranunmcnnomnnnn.
1012 655 1080 731 147
1223 722 1227 730 ,

43 831 154 905 stratio
170 830 226 904 sit
241 830 428 928 legitima
479 831 580 927 Lego
608 832 706 903 enim
729 831 928 926 symbolica
951 832 1080 906 istaut
1119 867 1269 908 unrocus

43 945 132 1041 pueri
149 944 380 1033 Homerum,
394 943 525 1040 quibus
538 941 586 1016 ad
596 943 740 1039 singula
753 944 932 1018 vocabula
943 946 1080 1018 adeun·
1122 948 1263 1050 L

43 1057 117 1131 dnm
133 1069 193 1131 est
209 1057 374 1131 lexicon.
431 1055 527 1130 Illud
551 1066 675 1129 antem
693 1056 798 1128 Alto
824 1080 871 1128 ne
898 1056 937 1130 in
962 1058 1080 1131 lexico

43 1170 179 1265 quidem
197 1180 272 1243 est.

84 1283 132 1357 A.
158 1282 218 1356 Sit
236 1281 389 1379 quidem
403 1304 491 1354 vera
508 1280 785 1354 demonstratio.
827 1282 879 1355 At
896 1285 1080 1379 quomodo

43 1394 224 1469 transferri
242 1405 369 1491 potest
389 1393 437 1467 ad
461 1393 768 1490 proportionales,
786 1417 869 1490 qnae
897 1419 966 1468 nee
996 1422 1081 1470 oon·

43 1509 149 1585 tinnae
166 1520 269 1597 sunt,
283 1531 355 1580 neo
371 1507 409 1580 in
422 1505 549 1580 eadem
565 1505 657 1579 serie
669 1506 938 1599 continuarum,
955 1510 1080 1605 quales

44 1628 324 1695 sunt224123:
342 1626 380 1708 6,
396 1618 664 1692 ve1329224:
688 1627 755 1702 12;
774 1618 1081 1695 ubidistantiiset

45 1732 216 1807 indicibus
233 1732 339 1806 loeus
364 1729 539 1805 nonest?
591 1730 767 1803 Nondum
797 1755 886 1829 ergo
915 1737 1081 1831 proposi-

46 1847 174 1920 tionem
192 1846 295 1919 illam
313 1844 430 1938 (Euol.
448 1844 498 1917 vi.
516 1846 573 1937 16)
591 1843 866 1918 demonstravit.

88 1959 135 2033 B.
160 1959 372 2034 Redeamus
393 1957 441 2031 ad
465 1957 585 2052 Caput
611 1981 720 2046 xxxv,
745 1957 845 2030 unde
872 1957 1008 2031 frustra
1025 1960 1080 2033 di-

48 2074 151 2168 gressi
167 2095 307 2147 sumus.

90 2187 135 2260 A.
159 2187 240 2260 Imo
267 2183 515 2259 transiliamus
533 2197 572 2256 et
592 2180 696 2270 illud,
726 2195 764 2255 et
793 2182 1002 2278 proximum
1028 2184 1080 2258 illi

50 2300 157 2372 xxxvi.
215 2297 341 2372 Credo
359 2297 457 2371 enim
473 2297 704 2370 Elementum
723 2295 891 2391 quintum
905 2319 950 2369 ex
963 2298 1080 2393 hypo-

51 2410 143 2502 thesi,
159 2435 274 2510 quam
291 2410 354 2485 ille
371 2411 579 2506 assumpsit,
591 2421 655 2483 aut
672 2420 772 2483 reete
789 2409 1079 2484 demonstratum

53 2545 129 2616 esse,
145 2536 210 2599 aut
227 2524 261 2599 si
277 2522 411 2597 vitium
428 2521 577 2619 aliquod
593 2522 793 2618 irrepserit,
811 2534 946 2619 praeter
962 2523 1078 2620 ipsam

54 2637 276 2733 wdptionem
293 2636 543 2732 symbolicam,
561 2659 637 2709 non
663 2635 761 2708 illius
783 2635 988 2732 imperitiae,
1015 2639 1079 2712 sed

54 2751 270 2848 typographo
282 2750 342 2822 vel
357 2749 613 2846 transcripturi
632 2748 866 2822 tribuendum
884 2773 975 2824 esse.
1012 2753 1080 2825 Est

56 2873 159 2936 antem
178 2863 307 2958 Caput
323 2861 436 2935 xxxvi
466 2860 629 2959 ejusdem
646 2860 785 2958 Capitis
810 2886 906 2935 xxxv
923 2864 1079 2961 brachy-

56 2975 312 3073 ttenographia
379 2975 497 3071 Caput
530 2975 654 3049 xxxvii
682 2975 830 3048 unicum
860 2976 972 3049 habet
993 3002 1079 3072 pro-

56 3082 156 3163 blema
172 3088 259 3177 hoc,
281 3086 386 3160 datis
411 3085 531 3160 tribus
545 3085 890 3184 proportionalibus
918 3088 1079 3160 invenire

56 3210 237 3293 quartum
263 3223 346 3296 quae
359 3210 414 3273 est
427 3199 710 3296 RegulaAurea.
730 3199 842 3296 Cujus
853 3201 1078 3274 constructio

56 3306 119 3387 heo
137 3325 221 3398 θεῖς
249 3312 387 3385 tertius
413 3310 680 3409 multiplicetur
700 3335 776 3409 per
806 3313 1015 3403 secundum,
1041 3325 1079 3387 et

52 3426 243 3518 productus
270 3424 464 3499 dividatur
481 3448 559 3522 per
579 3426 755 3522 primurn.
808 3427 1012 3518 Quaevera,
1041 3443 1080 3503 et

56 3538 147 3636 vulgo
180 3549 332 3634 recepta
365 3551 434 3613 est.
501 3538 764 3612 Demonstrans
798 3553 921 3614 autem
955 3543 1078 3632 sumit,

57 3652 138 3744 qnod
151 3652 283 3749 Capite
305 3676 377 3725 xxv
395 3651 476 3726 looo
490 3651 712 3726 definitionis
729 3653 829 3727 nullo
843 3657 927 3750 jure
940 3656 1079 3745 habuit,

56 3760 103 3836 uhi
139 3765 340 3864 qnotierter
380 3774 465 3838 sunt
497 3764 674 3863 (equales,
706 3764 760 3837 ibi
793 3768 963 3841 rationes·
995 3780 1080 3844 aunt

57 3876 198 3956 eodem.-
226 3887 263 3951 εί
279 3876 340 3951 uti
357 3879 522 3975 quotiens
538 3880 660 3974 major
677 3887 745 3967 est,
757 3879 811 3954 ibi
823 3883 943 3978 major
959 3883 1079 3966 ratim

58 3985 105 4061 tbi
118 3992 246 4081 aanor,
264 3995 394 4065 minor.

99 4101 141 4178 Β.
167 4105 207 4179 si
241 4105 316 4178 sint
358 4103 431 4177 duo
474 4106 682 4200 quotientes
717 4107 886 4202 aequaleS,
922 4110 1081 4206 exempli

62 4233 161 4307 unsa,
177 4240 331 4291 numero
348 4226 384 4304 4,
402 4216 464 4313 qui
490 4229 548 4290 est
571 4219 739 4313 quotiens
764 4220 871 4294 divisi
888 4231 937 4295 20
954 4245 1021 4317 per
1046 4231 1080 4308 5,

63 4330 189 4421 equalis
206 4331 256 4404 sit
273 4341 308 4419 4,
336 4330 504 4426 quotiens
528 4328 632 4403 divisi
656 4340 698 4404 12
717 4356 784 4428 per
801 4343 846 4417 3;
873 4334 962 4407 dicit
993 4357 1080 4428 ergo

65 4441 169 4516 hadr
189 4466 268 4518 esse
284 4443 324 4516 in
341 4441 469 4516 eadem
487 4443 653 4528 ratione;
681 4446 780 4540 quod
803 4471 876 4519 non
904 4445 1080 4541 intelligo,

915 4582 968 4631 no
