2618 5092
389 678 444 733 nn
462 679 635 734 narnus
652 680 790 735 araus.
1034 668 1108 736 283

63 845 153 921 e'nim
168 845 261 937 fuit,
275 847 377 942 quod
393 848 424 922 si
442 848 494 921 ita
511 858 620 938 esset,
632 859 773 921 vestem
791 872 939 924 omnem
955 851 1110 947 pilosam

62 972 232 1058 oportere
249 982 332 1034 esse
348 961 505 1058 nigram.
556 961 605 1035 llt
621 960 721 1035 visus
739 974 797 1035 est
817 963 984 1059 plurimis
1008 977 1109 1039 recte

62 1072 306 1170 respondisse.

107 1187 158 1261 A.
186 1185 463 1283 Quid‚pi10sne
491 1186 573 1261 illos
599 1197 823 1284 putaverunt
850 1211 929 1263 esse
955 1213 1111 1286 corpora

62 1298 152 1374 adeo
183 1299 333 1396 exigua,
362 1309 405 1372 ut
429 1299 545 1373 videri
573 1323 648 1373 non
675 1301 852 1396 possent?
915 1301 1110 1398 Coujicere

62 1413 146 1487 hinc
177 1412 269 1487 licet
299 1435 411 1509 quam
436 1423 521 1486 sunt
546 1412 600 1486 illi
624 1414 713 1487 boni
740 1415 1045 1490 ratiocinatores:
1072 1427 1111 1491 et

62 1550 144 1623 quae
165 1526 216 1600 sit
239 1526 288 1600 ab
311 1526 383 1600 illis
408 1526 638 1623 expectanda
663 1527 896 1625 philosophia
919 1530 1109 1604 naturalis.

62 1640 233 1714 Fortasse
261 1638 467 1736 nigredinis
491 1663 638 1713 causam
663 1639 765 1713 illam
787 1665 856 1738 pro
874 1665 961 1715 vera
977 1643 1110 1717 admit-

61 1763 139 1827 tere
155 1776 233 1827 non
246 1752 409 1842 voluere,
420 1752 508 1848 quia
524 1752 653 1826 eadem
669 1752 708 1826 in
726 1753 822 1828 libro
834 1777 888 1828 nn
902 1777 1108 1846 consona,

62 1892 142 1964 cap.
159 1866 275 1956 xxvii,
292 1876 363 1940 art.
382 1865 525 1955 ultimo,
543 1866 589 1938 ab
608 1865 758 1939 Hohhio
780 1867 900 1963 primo
924 1854 1111 1965 assignata

62 1991 128 2054 est.
180 1979 306 2054 Quam
322 1990 447 2053 autem
475 1979 632 2053 duritiei
655 2003 803 2053 causam
821 1981 1046 2077 assignatam
1062 1984 1110 2057 ab

61 2093 131 2167 illis
148 2091 329 2167 audiisti?

110 2207 162 2280 B.
190 2206 249 2279 Ab
261 2205 445 2302 aliquibus
457 2217 556 2280 tres:
575 2206 742 2302 primam,
754 2205 915 2303 partium
925 2208 1110 2304 magnitu-

61 2317 208 2393 dinem:
234 2318 445 2408 secundam‚
457 2318 558 2415 quod
573 2319 736 2416 partium
753 2319 964 2415 superficies
981 2332 1109 2396 mutuo
1202 2382 1206 2390 .

61 2456 99 2506 se
128 2442 311 2530 tangant:
337 2432 498 2522 tertiam,
528 2432 689 2529 partium
719 2433 930 2506 intricatam
956 2434 1109 2530 positio-

60 2570 157 2619 nem.
211 2544 379 2619 Quarum
407 2544 541 2619 sufficit
572 2543 621 2618 ad
650 2569 846 2642 corporum
877 2544 1109 2641 quorundam

60 2656 333 2732 indurationem
349 2656 610 2753 unaquaelibet.

109 2770 160 2845 A.
190 2769 294 2845 Quin
328 2768 545 2865 corpuscula
581 2768 720 2864 (qualia
754 2782 840 2844 sunt
875 2771 988 2844 atomi
1019 2795 1109 2866 quas

60 2883 237 2981 supponit
253 2881 460 2972 Lucretius,
471 2893 582 2980 atque
596 2882 709 2956 etiam
723 2883 908 2978 Hobbius)
925 2884 1004 2977 jam
1020 2896 1109 2958 ante

60 2999 164 3087 dura,
182 2996 292 3070 facile
317 2995 460 3093 possint
484 2996 531 3070 ab
554 2995 679 3091 aliqua
707 2996 889 3069 dictarum
916 3019 1109 3069 causarum

59 3110 260 3209 compingi,
277 3109 331 3184 ita
347 3122 392 3184 ut
409 3120 530 3184 totum
553 3133 598 3184 ex
622 3109 694 3183 illis
719 3109 860 3183 factum
878 3108 1013 3182 durum
1030 3109 1107 3197 fiat,

60 3222 307 3299 dubitandum
318 3245 392 3295 non
403 3231 479 3295 est.
508 3220 582 3296 Sed
595 3222 658 3316 qui
670 3221 826 3295 duritiei
836 3244 981 3294 causam
994 3221 1108 3316 assig-

60 3360 148 3412 nare
161 3335 303 3424 volunt,
316 3334 452 3408 debent
469 3333 521 3407 illi
539 3357 687 3408 causam
701 3333 864 3407 indicare
877 3332 963 3407 duri
973 3333 1106 3433 primi.

109 3449 160 3522 B.
188 3448 248 3521 lta
273 3446 431 3520 videtur.
485 3445 647 3520 Quidam
676 3446 774 3520 enim
800 3470 821 3519 e
846 3447 995 3534 nostris,
1022 3470 1108 3520 cum

58 3562 283 3657 redarguere
308 3559 392 3633 illos
415 3558 554 3633 vellent
581 3559 645 3656 qui
673 3559 835 3656 partium
861 3560 1107 3634 cohaesionem

59 3673 195 3772 glutini
229 3672 375 3747 cuidam
414 3672 639 3764 tribuebant,
674 3673 995 3770 interrogaverunt
1031 3698 1107 3762 eos,

62 3789 117 3883 (et
146 3797 249 3860 recte
278 3785 426 3883 quidem
452 3797 495 3859 ut
518 3786 627 3859 nobis
652 3786 771 3860 visum
805 3787 892 3881 est),
920 3789 1107 3884 quodnam

60 3913 158 3975 esset
174 3898 327 3996 glutinis
344 3898 441 3972 illius
458 3898 559 3971 aliud
574 3899 714 3995 gluten.

109 4013 160 4088 A.
188 4010 329 4085 Eodem
350 4011 434 4106 jure
458 4021 568 4084 utens
594 4011 693 4085 circa
708 4011 866 4107 primam
883 4024 922 4084 et
938 4012 1107 4085 ultimam

61 4126 245 4200 dictarum
275 4147 479 4212 causarum,
496 4123 665 4197 similiter
690 4148 815 4221 quaero
843 4149 925 4222 ego,
943 4124 1032 4220 quid
1056 4125 1105 4196 sit

61 4239 98 4313 in
114 4236 307 4336 particulis
325 4236 426 4310 duris
442 4236 556 4311 totius
574 4236 657 4310 duri
675 4237 775 4333 quod
792 4238 904 4311 efficit
918 4236 1102 4310 duritiem.

62 4351 158 4428 Nam
185 4360 457 4448 argumentum,
481 4374 555 4448 quo
579 4375 645 4425 vos
667 4351 726 4424 usi
752 4351 840 4425 estis
869 4361 1000 4424 contra
1022 4349 1104 4424 illos

62 4467 123 4562 qui
141 4477 416 4563 supposuerrmt
431 4465 560 4560 gluten
578 4465 680 4556 illud,
699 4488 802 4561 aeque
825 4464 960 4538 militat
977 4473 1107 4539 contra

63 4602 126 4655 ros
142 4580 254 4678 ipsos.
