2618 5092
237 617 311 697 376
461 634 519 688 nm
536 632 843 691 unumunurm:
861 632 1050 693 crucum.

47 829 132 875 mr.
146 830 199 875 xv.
237 802 407 901 quadrati
424 814 464 879 et
479 801 609 879 circuli
625 802 841 903 aeqmlibm.
889 804 959 881 Sin
974 804 1167 881 dictorum
1179 802 1271 881 itih-

51 900 195 936 ’μ’
236 930 402 992 terorum
417 916 637 993 alterutrum
651 916 771 993 ultero
787 918 907 1017 majus
924 918 988 1010 uit,
1014 916 1179 993 mrculm
1188 940 1270 1017 quu-

235 1030 347 1105 drato
363 1028 554 1127 inaequaiis
569 1030 652 1105 erit.

289 1143 547 1241 Suppouemus
563 1166 654 1241 ergo
671 1140 880 1219 tsilutem
895 1142 1053 1241 quidem
1065 1154 1271 1221 conantum

236 1256 381 1330 duabus
396 1256 508 1330 rectis
522 1256 602 1347 Am,
617 1256 690 1330 Am
703 1266 745 1331 et
759 1278 850 1331 urcu
865 1256 935 1333 ER
948 1258 1073 1353 maius
1088 1254 1271 1333 mouile

237 1384 319 1445 tero
334 1370 439 1458 ΕΗΓ,
456 1380 632 1444 contento
661 1368 805 1445 duabus
825 1368 940 1447 rectis
954 1370 1033 1463 EF,
1048 1370 1126 1463 FT,
1140 1382 1182 1447 et
1193 1392 1270 1445 urm

238 1483 325 1557 ET:
351 1481 406 1555 illi
427 1492 551 1555 cutem
576 1480 718 1580 aequmle
742 1504 824 1557 esee
848 1482 1062 1559 trilctcrum
1077 1484 1181 1575 Aer,
1195 1506 1270 1559 ccu-

238 1607 383 1670 teutum
401 1593 543 1670 duabus
558 1594 752 1686 rectisAe,
763 1596 877 1671 Aret
888 1620 980 1671 arcu
991 1620 1055 1673 re.
1097 1597 1181 1673 Erit
1195 1618 1269 1695 ergo

238 1718 343 1783 rectu
357 1707 424 1783 ΑΕ
442 1708 562 1805 major
577 1730 689 1805 quum
703 1709 779 1798 Ae,
794 1720 834 1784 et
850 1708 922 1783 Am
935 1709 1060 1807 major
1082 1732 1195 1808 quum
1208 1710 1267 1785 Ar.

238 1822 289 1896 Et
303 1832 407 1895 recta
424 1820 492 1895 Ην
507 1820 627 1918 mcj0r
648 1843 762 1919 quum
782 1820 866 1911 HT,
881 1833 922 1897 et
950 1844 1063 1899 arcus
1093 1822 1269 1899 circulire

238 1959 315 2009 uon
331 1935 451 2032 major
466 1958 579 2033 quem
593 1956 702 2009 arcus
718 1932 795 2009 Ru
846 1934 969 2011 Areus
992 1946 1269 2035 cutemrepm

238 2049 397 2123 ducatur
412 2046 531 2122 donec
546 2060 719 2123 occurret
733 2045 926 2145 producte
943 2044 1017 2124 ΗΤ
1028 2048 1070 2123 im
1082 2059 1113 2125 t.
1156 2048 1270 2147 unque

238 2161 445 2236 trilaterum
461 2170 680 2235 contentum
693 2158 836 2235 duabus
851 2160 964 2235 rectis
974 2160 1045 2251 01¹¹,
1058 2161 1125 2254 Fe,
1141 2174 1181 2237 et
1194 2184 1270 2237 meu

238 2283 292 2364 et,
309 2274 426 2348 multo
451 2274 570 2370 major
598 2272 670 2347 erit
696 2296 807 2369 quum
831 2273 1042 2349 trilaterum
1065 2286 1270 2351 contentum

240 2388 382 2461 duabus
409 2388 519 2460 rectis
536 2386 609 2475 EF,
628 2386 861 2476 1⁴⁷l’,etarcu
878 2388 952 2461 ET.
1007 2389 1137 2465 Quare
1164 2401 1270 2465 sector

241 2502 329 2573 Hrt
345 2501 458 2574 totius
475 2501 602 2574 circuli
619 2524 704 2597 pars
721 2513 853 2575 octava
879 2514 1033 2599 superat
1058 2504 1270 2601 triangulum

238 2614 310 2687 ΑΗ
316 2615 355 2702 F,
373 2626 540 2687 octavam
566 2627 708 2709 partem
733 2614 904 2710 quadrati
920 2615 1073 2706 ABCD,
1091 2618 1271 2715 plusquam

239 2726 463 2821 triangulum
480 2726 586 2800 AHT
609 2737 802 2822 superatur
827 2751 850 2800 a
872 2740 1019 2802 sectore
1035 2730 1169 2805 eodem
1186 2731 1270 2804 Hrt.

239 2837 407 2912 Circulus
422 2862 510 2934 ergo
527 2863 594 2935 per
606 2862 640 2928 r,
651 2864 684 2929 e,
698 2848 714 2911 t
729 2841 848 2936 major
863 2852 920 2914 est
932 2865 1046 2938 quam
1064 2844 1271 2940 quadratum

238 2950 385 3025 ABDC.
413 2953 590 3026 Similiter
602 2952 746 3026 ostendi
759 2965 893 3049 potest,
911 2953 943 3026 si
960 2954 1174 3031 trilaterum
1185 2955 1272 3030 AER

238 3079 440 3162 poneretur
465 3066 585 3138 minus
603 3089 682 3139 esse
700 3066 866 3140 trilatero
883 3067 975 3140 ΕΗΓ
993 3079 1033 3142 et
1053 3070 1141 3166 (per
1157 3092 1272 3145 conse·

239 3180 372 3275 quens)
394 3178 460 3250 Ην
477 3179 598 3251 minor
613 3201 723 3275 quam
742 3179 827 3268 HR,
852 3179 1032 3254 circulum
1057 3180 1272 3281 desciiptum

239 3292 343 3366 radio
362 3292 429 3365 Ην
444 3293 625 3366 minorem
652 3291 732 3366 sore
763 3316 874 3388 quam
899 3292 1127 3389 quadratum
1140 3294 1271 3370 ΑΒΜ.

240 3406 336 3478 Sunt
365 3429 455 3502 ergo
481 3404 637 3500 aequulie
665 3404 763 3479 inter
786 3429 827 3479 se
846 3405 1069 3503 quadratum
1087 3407 1221 3483 ABDC
1240 3416 1272 3481 et

239 3518 396 3592 circulus
424 3520 529 3615 cujus
558 3518 829 3593 semidiameter
853 3531 911 3595 est
938 3520 1026 3595 HR.
1078 3522 1179 3599 Dato
1195 3544 1273 3618 erge

238 3631 419 3727 quadrato
436 3632 593 3706 circulus
610 3632 781 3706 inventus
798 3643 853 3706 est
869 3632 1035 3731 aequclis,

578 3854 823 3909 PRoPosrrro
847 3855 938 3908 xv1.

286 3970 386 4045 Dato
404 3970 542 4044 circulo
558 3971 699 4067 aequule
715 3972 880 4047 iuvenire
896 3972 1137 4070 quadratum.

288 4083 435 4158 Circulo
451 4108 517 4181 per
535 4085 579 4173 R,
593 4085 636 4174 T,
649 4086 675 4159 S
692 4085 953 4160 inveniendum
969 4087 1019 4161 sit
1035 4088 1178 4185 aequcle
1193 4110 1273 4185 que·

239 4197 407 4272 dretum:
433 4197 480 4270 sit
503 4197 611 4270 datus
635 4197 794 4271 circulus
818 4223 885 4295 per
907 4199 955 4287 R,
963 4199 1008 4289 T,
1019 4200 1066 4275 G.
1118 4202 1273 4276 Ducutur

236 4336 303 4407 per
330 4311 362 4384 T
390 4311 488 4385 latus
515 4334 630 4384 unum
646 4311 817 4408 quadrati
842 4311 951 4402 illius,
975 4313 1078 4411 quod
1104 4314 1272 4389 circulum

237 4423 516 4515 circumscribit,
530 4447 661 4520 nempe
672 4424 755 4515 XV,
767 4424 1025 4523 dividaturque
1034 4427 1102 4504 TV
1114 4426 1269 4503 bifariam
