2618 5092
237 643 310 709 454
392 654 447 707 ult
467 652 699 708 rulnclrns
719 652 773 707 ΒΤ
790 650 1166 707 usrtocrnmoun

47 851 112 897 cnr.
123 850 202 891 xxn.
286 822 353 897 Est
368 845 459 919 ergo
476 844 586 897 arcus
598 822 650 897 Ba
662 818 772 895 (Intus
784 818 924 895 divim
935 818 1127 895 trifariam
1142 842 1168 895 u
1180 818 1278 893 re'tflt

52 922 195 1026 Μ
238 936 303 1026 ΚΒ,
315 937 375 1010 Rs.
399 934 541 1010 Eodem
556 934 669 1009 modo
680 944 809 1032 potest
823 956 933 1007 orcus
949 956 1030 1007 uon
1046 932 1171 1029 major
1182 954 1279 1031 quon

52 1046 139 1105 ’ΨΚ
237 1074 346 1127 orcus
363 1049 440 1136 BG,
457 1048 573 1123 dividi
590 1046 878 1146 quiuquifurium
892 1044 955 1121 rel
976 1045 1020 1121 in
1037 1046 1187 1121 ratione
1202 1068 1279 1143 qno-

238 1186 385 1259 cuuquc
402 1162 501 1237 dats
553 1162 659 1236 Sicut
678 1160 791 1235 etium
812 1182 922 1235 urcuo
944 1160 1070 1257 major
1087 1182 1199 1258 quum
1214 1158 1278 1249 BG,

238 1276 271 1349 si
299 1276 486 1349 bisccetnr
511 1273 632 1349 donec
653 1296 741 1371 pour
756 1274 839 1371 ejus
853 1272 978 1347 miuor
999 1272 1052 1347 sit
1070 1296 1185 1373 quom
1201 1272 1278 1349 BG:

238 1411 372 1485 nempe
387 1400 534 1486 partem
549 1388 741 1462 inventurn
759 1385 984 1484 duplicando
1007 1386 1128 1463 toties
1150 1387 1279 1484 quotics

238 1500 347 1577 dutus
363 1502 526 1575 bisectus
541 1500 675 1577 fueret.

288 1614 477 1711 Anguium
487 1636 578 1711 ergo
590 1614 630 1689 in
642 1613 787 1689 tutione
797 1612 886 1688 datu
897 1612 1097 1687 divisimus
1110 1640 1121 1687 ε
1136 1624 1175 1688 et
1185 1636 1279 1711 prop

238 1738 353 1817 tereo,
370 1728 485 1803 etium
508 1729 787 1826 proportionem
813 1726 941 1802 dutum
969 1726 1143 1803 dividere
1172 1725 1278 1801 docui·

238 1864 320 1915 mus
353 1840 394 1915 in
426 1852 550 1938 portes
582 1842 744 1939 aeqnnles
772 1852 1012 1939 quotcunque
1042 1842 1278 1940 requirentur.

240 1954 357 2051 quue
374 1955 549 2031 methodo
562 1955 666 2031 brevi
679 1966 718 2029 et
734 1956 941 2053 perspicuo.

628 2539 732 2612 CAP.
751 2540 897 2613 XXIII.

241 2717 294 2767 nu
323 2714 593 2773 onnnrrrnru
623 2714 765 2769 nucum
794 2716 1044 2770 conrosrrm
1075 2719 1133 2770 ux
1161 2717 1280 2769 usuro

291 2829 462 2883 crucum
491 2830 543 2881 nr
569 2830 792 2881 rnncnnru
820 2818 868 2883 30
892 2831 1122 2885 onnnnnn.
1176 2830 1281 2897 mun,

291 2942 522 2996 nnurrnrro
543 2942 678 2995 surus
697 2942 817 2995 uuor.
833 2927 893 3004 47.
910 2945 1039 2997 suun.
1058 2947 1086 3014 1,
1102 2946 1194 2998 uro.

242 3088 516 3162 anunnrnn
535 3097 647 3159 rectae
666 3087 878 3182 compositae
895 3112 942 3160 ex
966 3088 1077 3162 radio
1103 3088 1231 3163 circuli
1250 3098 1284 3158 et

240 3212 418 3296 tangente
445 3222 553 3272 arcus
580 3207 629 3273 30
655 3200 850 3295 graduum,
877 3211 934 3274 est
956 3201 1005 3274 sd
1028 3201 1284 3298 quadratnms

239 3313 355 3400 radio,
374 3326 416 3385 ut
433 3312 562 3386 decem
580 3312 628 3385 ud
646 3329 817 3409 quatuor.

290 3426 347 3499 Sit
364 3426 488 3499 radius
506 3424 634 3498 circuli
646 3426 723 3513 AB,
735 3427 840 3523 cujus
850 3426 1074 3522 quadratum
1086 3429 1137 3502 sit
1148 3426 1282 3503 ABCD.

240 3536 406 3610 Ducatur
418 3560 525 3611 arcus
539 3536 617 3625 BD,
629 3539 692 3632 qui
703 3552 760 3611 est
771 3539 957 3635 quadrans
971 3539 1103 3613 circuli
1116 3538 1283 3636 descripti

240 3651 286 3722 ab
305 3650 381 3723 ΑΒ.

292 3764 445 3837 Secetur
465 3763 688 3859 quadratum
707 3763 840 3837 ABCD
867 3764 907 3836 in
931 3776 1094 3859 quatuor
1112 3765 1284 3862 quadrato

238 3877 393 3973 aqualia
410 3876 556 3949 arcetis
577 3877 650 3966 EF,
665 3876 747 3967 GH,
765 3876 974 3950 secantibus
994 3901 1034 3949 se
1053 3892 1186 3954 mutuo
1204 3880 1241 3953 in
1257 3878 1281 3951 1.

239 3992 348 4065 Secet
377 4002 500 4062 sutem
531 3989 602 4063 GH
634 4013 761 4063 arcum
791 3989 857 4063 BD
887 3989 925 4062 in
956 3990 1014 4062 K:
1038 3991 1283 4090 jungaturque

237 4115 341 4176 recta
356 4103 438 4191 ΑΚ,
453 4103 752 4199 producatnrque
770 4101 819 4175 ad
836 4102 900 4176 BC
917 4102 956 4175 iu
970 4102 1022 4175 L:
1041 4105 1117 4179 erit
1136 4106 1200 4180 BL
1213 4120 1281 4178 tau·

237 4242 330 4314 gens
350 4226 397 4292 30
415 4216 610 4313 graduum.

288 4332 415 4403 Rectae
441 4329 504 4402 BL
532 4328 729 4423 adjiciatur
754 4329 793 4401 in
822 4328 1005 4402 directum
1034 4330 1124 4419 LM,
1144 4330 1282 4429 aequulis

239 4444 312 4516 Bc.
377 4445 459 4516 Erit
484 4466 572 4537 ergo
601 4452 682 4514 tota
700 4441 774 4514 ΒΜ
799 4441 1008 4538 composita
1029 4468 1078 4518 ex
1103 4445 1169 4520 BC
1189 4444 1280 4519 radio

238 4557 378 4643 circuli,
397 4569 435 4629 et
455 4556 525 4630 CM
545 4567 720 4651 tangente
739 4563 787 4631 30
805 4554 1002 4651 graduum.
