2618 5092
416 657 750 712 anounrauuun.
1029 632 1103 710 407

50 849 131 903 esse
148 823 376 900 curvitatem
391 851 401 896 z
427 834 465 897 et
480 822 636 922 proinde
663 833 804 897 rectam
822 819 889 894 BD
907 841 991 893 cum
1015 839 1104 889 arcu
1137 841 1205 884 cue.
1222 839 1289 884 vm

51 940 127 1016 ΒΜ
138 940 179 1014 in
192 949 337 1036 puncto
348 937 379 1010 B
390 939 616 1013 constituere
630 939 806 1036 angulum
818 947 973 1011 rectum.
1000 934 1103 1007 Fate·
1143 909 1288 1028 {Qu-us

52 1065 116 1127 tur
133 1052 236 1127 euim
253 1050 406 1124 Clarius
422 1051 672 1148 longitudines
688 1052 869 1124 linearum
890 1049 944 1122 nil
960 1057 1104 1120 mutare

52 1163 364 1263 inmagnitudine
376 1166 523 1261 anguli:
542 1189 610 1239 nec
623 1164 708 1239 ideo
722 1165 900 1261 angulum
911 1171 1105 1235 contactus

55 1281 255 1378 quicquam
291 1276 486 1352 detrahere
514 1303 538 1352 a
564 1277 819 1376 magnitudine
852 1274 979 1373 anguli
1012 1273 1106 1348 recti

54 1391 239 1468 rectilinei
256 1390 369 1464 DBL.

107 1504 284 1602 Sequitur
295 1504 407 1576 etiam
424 1503 601 1600 angulum
612 1513 807 1577 contactus
823 1526 900 1577 non
917 1525 996 1576 esse
1013 1502 1106 1597 ejus-

55 1618 142 1692 dem
159 1617 308 1715 generis
325 1641 410 1691 cum
427 1617 563 1714 angulo
580 1618 784 1706 rectilineo,
799 1615 898 1715 quod
908 1629 947 1690 et
960 1616 1107 1690 Cluvius

55 1731 219 1806 fatetur:
246 1754 333 1803 cum
358 1730 561 1803 curvitates
579 1753 733 1803 arcuum
751 1730 909 1828 aequales
926 1753 1005 1803 esse
1022 1752 1108 1825 pos-

57 1857 145 1918 sunt
160 1855 265 1933 tunc‚
285 1843 432 1939 quando
449 1866 558 1916 arcus
573 1842 644 1939 ipsi
662 1855 750 1916 sunt
766 1843 977 1939 inaequales.
1015 1844 1108 1916 Haec

58 1957 126 2030 tibi
142 1957 233 2030 satu
250 1955 443 2052 perspicue
457 1969 551 2050 puto
565 1954 757 2051 explicavi.
811 1955 876 2028 Sin
890 1968 1110 2050 argumenta

59 2069 177 2144 Cluvii
208 2081 341 2143 contra
370 2067 607 2142 Pelletarium
642 2090 832 2141 assensum
859 2079 965 2140 tuum
998 2069 1109 2141 etiam

58 2208 158 2258 nunc
175 2181 393 2280 impediant,
409 2182 540 2256 tollam
558 2207 603 2256 ea
620 2205 706 2255 cum
722 2182 818 2255 istuc
835 2204 984 2255 venero.

485 2555 592 2631 OAP.
618 2555 686 2630 lX.

464 2727 519 2780 nn
539 2727 711 2784 aucune.

59 2859 295 2935 Durrurmo
331 2854 625 2945 decimotertio,
661 2879 807 2951 nempe,
843 2856 1022 2930 terminus
1055 2864 1114 2929 est

57 2973 163 3072 quod
190 2969 355 3066 alicujus
383 2977 584 3042 extremum
609 2977 680 3056 est,
703 2992 785 3042 sera
808 2969 933 3042 venit:
961 2994 1045 3043 cum
1074 2969 1114 3041 in

58 3087 178 3161 tertia
194 3096 353 3157 etsexta
381 3080 583 3155 definiisset
606 3082 785 3155 terminos
805 3080 913 3154 lineae
930 3093 967 3156 et
986 3105 1114 3177 super-

61 3199 161 3274 ficiei
179 3219 259 3272 esse
276 3207 425 3292 puncta.

113 3314 293 3392 Definitio
311 3311 613 3409 decimaquarta,
627 3313 767 3411 figura
796 3320 854 3386 est
878 3337 962 3412 quae
989 3311 1115 3409 aliquo

62 3429 125 3505 ccl
152 3425 343 3525 aliquibus
378 3426 548 3499 terminia
582 3425 918 3524 comprehenditur.
976 3427 1114 3500 Quaero

63 3545 126 3618 hic
153 3541 287 3638 primo,
305 3538 354 3613 ad
377 3563 487 3637 quam
509 3563 640 3613 vocem
668 3563 879 3635 expressam
895 3540 956 3614 vel
982 3541 1116 3612 subau-

65 3656 181 3730 ditum
214 3652 375 3727 refertur
399 3676 473 3725 vox
498 3652 655 3729 relativa
671 3678 767 3750 quce.
820 3654 860 3727 Si
885 3654 1045 3727 refertur
1068 3653 1116 3725 ad

64 3772 238 3868 figuram,
256 3767 423 3842 definitio
441 3767 512 3839 erit
532 3767 681 3865 (figura
697 3775 754 3839 est
770 3768 910 3866 figura
934 3793 1018 3865 quie
1044 3766 1117 3839 uli-

64 3908 150 3984 que,
165 3886 254 3975 etc.)
274 3880 417 3955 vitiosa
470 3879 535 3952 Sin
558 3879 607 3951 ad
623 3903 753 3953 vocem
780 3881 1008 3980 magnitudo,
1037 3893 1117 3952 tum

66 3995 235 4073 definitio
269 3993 356 4066 talis
382 3994 475 4066 erit:
506 3992 655 4090 Figura
689 4001 748 4065 est
779 3993 999 4090 niagnitudo
1034 4017 1117 4091 quoe

67 4111 198 4209 aliquo
213 4105 274 4180 vel
294 4104 479 4202 aliquibus
503 4105 671 4178 terminia
688 4105 1032 4202 comprehenditur:
1058 4104 1118 4177 vel

67 4224 230 4311 brevius,
247 4220 387 4318 figura
409 4227 467 4291 eu
490 4219 708 4317 magnitudo
732 4219 969 4318 undiquaque
985 4217 1116 4313 finita.

71 4338 166 4414 011ae
184 4334 335 4431 quidem
353 4331 520 4406 definitio
539 4342 594 4404 est
610 4332 788 4428 legitima.
841 4332 915 4405 Sed
933 4332 1117 4428 quomodo

69 4447 244 4524 excludet
260 4446 306 4518 ab
324 4445 393 4519 hac
412 4445 626 4519 definitione
640 4445 787 4520 Clarius
800 4446 942 4518 finitam
955 4445 1115 4518 lineam?

71 4564 182 4639 Dicet
205 4560 375 4649 fortasse,
393 4559 527 4633 lineam
547 4583 629 4656 quae
660 4557 853 4656 largitudo
884 4567 1024 4631 tautum
1048 4568 1116 4649 eat,
