2618 5092
9 39 887 347 -

855 90 863 109 ἱ

264 662 583 719 annuntrmcn
602 663 845 718 nomnnnn.
1004 644 1071 722 187

61 851 178 901 mnao
196 829 454 919 terminorum,
471 852 646 902 ccccccuc
672 828 736 902 illc
761 851 878 926 cupra
893 827 1074 901 rationem
1106 852 1251 895 oritanus

61 940 353 1039 atquadruptam
380 942 436 1015 ita
462 943 629 1016 continuo
653 944 851 1032 minuatur,
869 951 910 1014 ut
927 941 1076 1015 taudem
1114 935 1251 1038 „L

62 1054 191 1150 mota
208 1054 438 1153 accigrmbiti
464 1056 582 1128 minor
603 1056 753 1144 evadat,
771 1056 834 1146 (ut
854 1057 989 1151 patet)
1000 1081 1015 1137 ;
1041 1053 1077 1125 oi

62 1168 282 1264 ininfinitrrm
301 1169 545 1267 procedatur,
566 1192 729 1266 proram
762 1169 974 1241 evanituras
1007 1176 1076 1239 eet.

62 1281 211 1380 Adeoque
245 1284 348 1378 (quoe
376 1294 433 1356 est
456 1282 660 1378 propositio
676 1281 743 1375 xli)
779 1281 815 1353 ei
837 1289 1078 1378 proponatur

61 1395 153 1467 aaut
180 1394 332 1490 infinita
360 1394 609 1493 quantitatum
638 1394 676 1466 in
702 1391 901 1491 triplicata
930 1393 1079 1465 ratione

61 1507 269 1582 aithuctice
294 1506 645 1607 proportionalium,
679 1507 756 1579 ciac
787 1508 903 1601 juata
943 1505 1077 1578 ceriam

61 1641 269 1695 unaarum
306 1618 508 1694 ottonum
550 1620 719 1693 continue
762 1620 1013 1708 crescentium,
1052 1642 1077 1691 a

57 1743 169 1826 puncto
184 1757 253 1808 scu
269 1742 294 1809 0
313 1732 592 1816 inchoatarum:
617 1733 691 1806 erit
708 1731 772 1805 iae
795 1733 849 1806 ad
871 1732 1004 1805 seriem
1022 1742 1077 1805 to-

61 1843 151 1919 tidem
179 1846 353 1921 manino
379 1845 586 1945 aequalium,
612 1856 653 1918 ut
674 1854 688 1919 l
712 1845 766 1919 ad
780 1857 826 1919 4:
852 1846 984 1919 falsum
1008 1858 1074 1919 est.

62 1966 228 2044 atenim
245 1971 423 2067 inprime
445 1956 630 2070 seriei—2,
658 1996 801 2045 summa
824 1973 1078 2058 crescentium,

61 2090 154 2184 nnjor
183 2110 297 2185 qnam
329 2089 602 2186 subquadrupla
634 2089 791 2163 totidem
824 2090 1077 2177 maximarum,

61 2208 143 2274 tanto
169 2214 312 2300 quanto
340 2215 395 2276 est
424 2204 583 2277 semissis
609 2204 772 2276 unitatis.
826 2203 870 2275 In
898 2203 991 2275 serie
1021 2226 1078 2275 se-

61 2313 170 2404 anda,
182 2338 328 2388 summa
343 2317 586 2389 arescentium
603 2328 750 2413 superat
767 2315 1078 2412 subquadruplom

61 2427 281 2501 maximarum
309 2429 426 2502 tribus
455 2430 669 2503 unitatibus.
721 2431 764 2503 ln
795 2431 917 2519 tertia,
949 2452 1082 2502 novem

61 2539 261 2625 unimtibum
274 2552 346 2614 cto.
373 2542 572 2640 Quousque
584 2542 857 2639 procedendum
870 2566 948 2616 esse
961 2554 1081 2638 patae,

60 2663 91 2724 nt
103 2674 242 2726 summa
259 2656 501 2728 crescentium
514 2654 563 2728 sit
575 2655 725 2729 tandem
741 2657 982 2730 maximarum
1000 2655 1084 2728 snb·

62 2765 275 2863 quairnpla?

97 2879 141 2952 B.
169 2880 322 2954 Quanto
352 2879 434 2976 plus
462 2882 675 2977 proceditur
699 2895 804 2957 tanto
828 2885 943 2979 pejus.
995 2881 1084 2956 Pro-

60 2992 175 3084 positio
191 3006 250 3067 est
264 2992 368 3067 falsa.

96 3103 139 3177 A.
164 3105 310 3181 Deinde
335 3108 584 3203 propositione
601 3108 702 3181 xliii:
730 3108 840 3199 Pari,
860 3107 993 3203 inquit,
1011 3129 1082 3177 mc-

61 3214 155 3292 ttodo
182 3220 387 3293 inuenietur
403 3221 504 3294 ratio
532 3221 649 3294 serici
672 3221 823 3316 infinita
840 3221 1084 3316 quantitatum

60 3325 244 3403 arctim
273 3331 575 3430 quadruplicata.
598 3332 884 3431 quintuplicata,
902 3331 1084 3427 centupli-

59 3451 144 3532 cata,
165 3453 251 3532 etc,
268 3443 503 3518 arithmetice
523 3443 876 3543 proportionalium,
899 3468 924 3515 a
944 3453 1085 3540 puncto

58 3572 113 3624 teu
140 3562 165 3629 0
195 3555 463 3644 inchoatarum,
491 3557 546 3630 ad
573 3558 708 3629 seriem
735 3556 885 3629 totidem
915 3556 1086 3629 murima

59 3667 265 3763 equalium
290 3692 420 3766 nempe
437 3670 474 3741 in
491 3669 780 3767 quadruplicata
800 3679 815 3742 l
837 3669 892 3742 ad
907 3679 942 3760 5,
955 3679 1024 3743 etc.

99 3779 147 3854 B.
173 3780 319 3853 Falsum
336 3793 415 3866 est;
441 3804 488 3854 ne
506 3783 701 3855 examines.

98 3893 146 3966 A.
174 3894 255 3966 Imo
272 3916 372 3982 vero,
390 3893 479 3989 quid
495 3895 652 3967 afferant
667 3895 753 3968 novi
770 3919 853 3991 qnae
870 3905 1085 3990 sequuntur,

58 4004 200 4079 ulterius
230 4029 277 4078 ne
308 4030 539 4102 quaeramus3
566 4031 650 4080 cum
684 4009 729 4081 ab
763 4009 821 4082 his
855 4009 1087 4105 dependeant

59 4130 181 4192 caetera
197 4117 332 4192 omnia.

100 4232 147 4304 B.
175 4231 234 4305 Ne
275 4232 469 4329 imaginari
512 4232 662 4329 quidem
696 4258 844 4330 possum
879 4234 1086 4329 quiequam,

61 4344 150 4435 qnod
167 4357 231 4417 ant
247 4345 433 4419 Wallisius
450 4357 515 4419 aut
531 4369 658 4420 eorum
672 4348 768 4420 ullus
799 4348 863 4442 qui
880 4346 992 4419 libros
1009 4346 1088 4438 ejus

62 4453 168 4530 literis
183 4459 230 4531 nd
258 4459 379 4555 ipsum
397 4460 544 4554 scriptis
567 4460 821 4549 laudaverunt,
849 4471 978 4532 contra
1007 4457 1087 4529 haec

64 4576 130 4641 tam
142 4572 330 4668 perspicue
347 4571 598 4646 demonstrata
614 4574 744 4647 afferre
761 4583 925 4668 possunt.
