2618 5092
41 39 887 329 m

266 674 580 728 murunnmmcm
601 673 844 726 monianum.
1000 658 1067 736 167

47 845 242 933 rationibus
260 843 545 918 authoritatibus
563 840 653 915 nihil
675 841 872 938 pensitant,
891 843 1067 914 momenti
1104 869 1241 910 namon

46 971 133 1032 esset.
185 957 318 1053 Capite
348 956 386 1028 ix
411 955 631 1043 continetur,
649 955 780 1051 primo,
810 965 1067 1049 argumentum

44 1069 197 1144 Peletarii
228 1068 430 1142 deductum
453 1091 500 1141 ex
529 1069 646 1164 gratis
665 1079 854 1164 assumpto
881 1067 1067 1158 lemmate,

42 1183 183 1283 orgalas
208 1181 536 1270 semicirculorum,
563 1181 602 1254 id
630 1193 697 1270 est,
721 1205 813 1277 quos
842 1180 982 1254 faciunt
1012 1180 1069 1254 di-

41 1297 157 1371 ametri
174 1320 263 1370 cum
291 1294 602 1392 semiperimetris,
620 1317 702 1366 erae
729 1292 902 1390 aquales.
955 1294 1067 1370 Quod

41 1409 256 1484 vedssimum
273 1408 421 1507 quidem
440 1419 507 1497 est,
524 1407 590 1482 sed
603 1406 752 1481 omnino
762 1406 862 1481 idem
873 1407 1067 1504 quodpro-

41 1523 188 1598 buudum
222 1534 315 1598 erat.
383 1520 474 1596 Inde
507 1534 633 1594 autem
666 1519 931 1610 demonstrare,
966 1520 1067 1616 quod

41 1637 181 1733 angulus
198 1646 392 1709 contactus
414 1658 490 1708 non
516 1635 629 1708 habet
656 1634 913 1730 quantitatem,
930 1633 1066 1730 impos-

41 1749 128 1823 sibile
145 1761 217 1824 est.
270 1749 443 1845 Sequitur
456 1747 603 1845 quidem
621 1747 707 1821 inde
724 1748 899 1843 angulum
916 1760 1066 1822 contac-

41 1873 87 1934 tus
111 1861 254 1935 nullam
283 1872 428 1957 partem
454 1884 534 1933 esse
561 1860 686 1956 anguli
716 1861 780 1957 qui
810 1861 1021 1935 continetur
1044 1887 1067 1936 a

41 1972 207 2048 diametro
224 1985 265 2048 et
282 1973 601 2057 circumferentia3
627 1997 702 2047 non
715 1984 839 2046 autem
863 1974 962 2070 quod
990 1998 1066 2048 non

41 2085 136 2160 habet
159 2110 266 2160 suam
295 2086 364 2159 sibi
394 2086 659 2182 quantitatem
686 2108 755 2157 neo
782 2084 881 2180 quod
910 2085 1066 2181 angulus

41 2210 219 2274 contaetus
236 2222 331 2272 unus
347 2197 463 2271 altero
480 2221 555 2271 non
568 2197 684 2294 possit
701 2221 780 2270 esse
792 2197 851 2269 vel
870 2200 996 2294 major,
1009 2197 1065 2271 rel

41 2311 157 2402 minor,
186 2311 246 2384 vel
274 2311 435 2407 aequalis.
486 2311 541 2384 Ea
569 2322 694 2383 autem
723 2333 805 2406 quae
834 2334 900 2406 per
932 2311 1066 2385 lemma

41 2441 130 2498 tuum
158 2425 234 2498 tria
262 2425 513 2512 enuntiantur,
540 2448 616 2498 non
635 2435 721 2496 sunt
747 2422 794 2496 dc
817 2425 953 2520 angulo
977 2449 1065 2498 con-

41 2547 157 2627 tactus,
173 2537 240 2611 sed
253 2536 299 2611 de
313 2537 394 2633 ipso
407 2548 582 2611 contactu
595 2568 605 2621 ;
624 2537 727 2634 quasi
739 2551 859 2612 essent
870 2539 933 2636 qui
945 2539 1065 2635 ipsum

42 2662 240 2725 contactum
257 2649 432 2746 angulum
449 2674 528 2723 esse
546 2649 724 2724 dicerent.

79 2763 122 2837 B.
149 2763 224 2838 Sed
251 2787 318 2860 per
344 2774 555 2837 contactum
585 2765 739 2862 intelligi
769 2766 849 2839 vult
872 2775 1064 2840 contactus

41 2878 214 2975 angulum.

78 2992 124 3064 A.
151 2989 285 3064 Credo.
312 2989 385 3063 Sed
403 2988 502 3086 quod
519 3013 594 3062 nou
623 2990 798 3087 loquutus
816 2976 864 3063 sit
881 3000 1064 3079 accurate,

41 3101 188 3178 mcausa
201 3114 281 3177 erat
298 3101 398 3200 quod
415 3114 585 3176 naturam
602 3104 728 3199 anguli
739 3127 813 3177 non
825 3103 1063 3199 perspexerit.

41 3214 163 3291 Verum
176 3217 314 3290 lemma
325 3213 417 3287 illud
431 3216 600 3289 Peletarii
618 3217 748 3311 Capite
762 3241 787 3289 x
812 3215 1064 3289 demonstrare

41 3328 163 3405 trustra
189 3341 344 3405 conatur
368 3329 565 3403 Wallisius.
616 3329 714 3403 Nam
737 3329 806 3403 etsi
835 3329 1065 3402 verissimum

41 3444 86 3534 sit,
112 3458 239 3520 tamen
272 3443 344 3517 nisi
378 3467 424 3516 ex
454 3443 667 3516 definitione
693 3443 818 3540 anguli
851 3442 1066 3539 simpliciter

41 3555 128 3649 dicti,
146 3559 224 3632 sive
241 3556 434 3648 rectilinei,
452 3557 696 3631 demonstrari
713 3581 787 3630 non
805 3566 940 3653 potest.

75 3671 123 3746 B.
151 3670 349 3747 Quomodo
383 3680 506 3743 autem
539 3670 673 3742 lemma
712 3670 803 3743 illud
836 3669 1064 3744 demonstra-

41 3783 82 3859 lis
105 3783 177 3860 tu?

75 3899 124 3973 A.
152 3897 352 3973 Quantitas
366 3896 491 3992 anguli
509 3895 701 3985 rectilinei,
718 3920 785 3992 per
815 3895 1066 3970 definitionem

41 4034 155 4102 neam,
175 4023 232 4083 est
250 4009 435 4106 quantitas
454 4032 564 4105 quam
581 4008 693 4082 habet
716 4032 823 4083 arcus
840 4009 1066 4107 interceptus

41 4135 120 4200 nter
136 4125 232 4198 duos
248 4123 384 4211 radios,
403 4132 614 4218 comparata
630 4123 678 4196 ad
695 4125 939 4218 quantitatem
952 4123 1066 4195 totins

41 4238 226 4313 rerimetri.
279 4236 353 4309 Sed
370 4236 525 4333 angulus
542 4237 662 4310 factus
679 4238 777 4310 inter
791 4237 1011 4310 diametrum
1028 4249 1066 4309 et

41 4362 252 4449 ungentem,
289 4350 429 4422 nullum
467 4349 656 4445 intercipit
688 4374 825 4423 arcum.
882 4350 948 4421 Est
977 4372 1066 4444 ergo

41 4466 211 4559 quantitas
222 4463 349 4558 anguli
364 4474 554 4536 contactus
567 4464 667 4537 nulla
680 4488 763 4560 pars
777 4461 992 4559 quantitatis
1002 4485 1067 4534 an-

1168 949 1197 989 V.

1106 1019 1241 1052 *Ὺ-
