2618 5092
328 655 510 709 CURATIO
530 652 725 720 SPBAERAE,
743 652 831 707 R'PC.
1032 638 1099 702 511

109 821 269 911 Videant
281 835 592 920 nonogeometrae
604 823 805 919 omnesqui
818 818 1108 905 suntvelerunt,
1122 844 1165 885 so
1179 844 1263 885 mor».
1279 846 1299 884 v

58 957 106 1007 an
120 936 327 1008 convellere
339 936 420 1010 haec
432 949 621 1033 poterunt.
657 936 723 1010 Sin
735 937 843 1009 firma
856 935 943 1023 sint,
954 932 1107 1005 videant
1146 913 1289 948 'W‘

59 1072 108 1120 an
121 1061 341 1145 argumenta
353 1048 588 1139 Professoris,
601 1072 682 1146 quae
693 1048 755 1121 hie
768 1060 805 1122 et
819 1047 1106 1144 insequentibus

59 1161 98 1233 in
125 1162 353 1234 contrarium
378 1161 531 1237 adducit
556 1162 801 1251 arithmetica,
820 1161 933 1257 digna
949 1159 1023 1233 sint
1049 1181 1107 1232 re-

60 1276 278 1370 sponsione:
298 1289 398 1348 etan
412 1275 600 1349 Professor
611 1275 684 1348 iste
698 1273 1055 1348 demonstrationum
1068 1273 1107 1344 in

59 1388 265 1483 geometria
287 1388 402 1483 judex
418 1388 574 1461 idoneus
590 1388 717 1461 fuerit.
766 1387 928 1460 Videant
944 1410 1057 1482 porro
1076 1386 1107 1458 si

60 1502 215 1596 quaestio
235 1501 410 1598 deinceps
431 1503 531 1575 inter
553 1525 612 1575 me
635 1514 676 1575 et
699 1501 952 1575 arithmeticos
970 1499 1016 1571 de
1037 1499 1109 1571 hae

60 1638 113 1702 re,
131 1614 204 1687 alia
226 1638 308 1688 esse
323 1614 440 1712 possit
463 1639 573 1711 quam
598 1615 645 1688 de
661 1615 848 1687 rationum
869 1636 1108 1686 numerorum

59 1726 99 1799 in
118 1727 324 1821 geometria
346 1727 604 1824 ineptitudine.
656 1727 732 1801 Illis
750 1740 884 1800 ‘autem
907 1726 1108 1814 Professor,

60 1861 165 1936 prop.
181 1848 216 1927 5,
235 1845 272 1929 7,
287 1848 325 1927 9,
343 1848 401 1929 10,
420 1849 476 1930 ll,
490 1852 531 1914 et
552 1850 608 1931 12,
622 1840 709 1914 solis
726 1840 858 1914 utitur.

332 2138 388 2190 Au
408 2135 755 2189 PROPOSITIONBM
773 2136 832 2188 VI.

112 2267 404 2362 Propositionem
424 2266 523 2340 hane
543 2266 712 2341 absolvit.
766 2266 874 2353 Sanae
891 2289 981 2362 ergo
1009 2277 1105 2354 sunt,

61 2406 147 2458 cum
160 2380 236 2455 suis
249 2379 464 2471 corollariis,
480 2379 611 2477 prima,
626 2380 750 2470 tertia,
763 2392 907 2476 quarta,
922 2380 1053 2475 quinta
1070 2392 1108 2452 et

62 2508 180 2570 sexta.

327 2739 383 2793 AD
402 2740 749 2795 PROPOSITIONEM
768 2742 844 2795 vlt.

112 2869 279 2966 Septima
305 2880 373 2959 est,
397 2869 617 2968 quadratum
643 2871 691 2944 ab
707 2871 784 2960 AZ,
803 2870 861 2944 vet
886 2871 947 2960 Ze,
966 2869 1106 2967 aequaie

62 2995 120 3058 est
143 2991 187 3057 10
206 2981 396 3079 quadratis
414 3007 438 3056 a
454 2996 586 3079 quarta
611 2998 718 3080 parte
741 2984 854 3058 radii:
881 3006 991 3080 quam
1016 2984 1107 3056 dicit

63 3121 143 3170 esse
153 3095 295 3186 falsam,
306 3107 343 3170 st
355 3110 476 3171 rectus
488 3096 569 3188 AO,
577 3097 642 3171 ΑΖ
652 3121 721 3194 pro
731 3097 933 3195 aequalibus
942 3109 1107 3194 sumptas

62 3233 141 3285 esse
158 3209 286 3306 gratis.

111 3324 233 3396 Tuum
251 3333 319 3409 est,
333 3323 462 3413 lector,
476 3324 547 3397 hoc
564 3322 778 3419 dijudicare.
814 3323 1046 3398 Quadratum
1060 3326 1106 3397 ab

62 3435 133 3512 AO
151 3436 290 3533 aequale
317 3449 374 3511 est
399 3445 422 3511 5
449 3437 639 3535 quadratis
665 3461 688 3510 a
713 3436 865 3511 dimidia
881 3437 957 3527 Ge,
975 3437 1013 3510 id
1037 3451 1106 3526 est,

63 3550 286 3646 quadratum
304 3550 351 3624 ab
370 3548 439 3625 AO
458 3562 515 3624 est
532 3550 673 3646 aequale
689 3559 740 3624 20
753 3550 943 3647 quadratis
960 3574 983 3624 a
1000 3551 1107 3624 dimi-

63 3663 149 3737 dia*
168 3663 246 3737 GC.
299 3663 452 3737 Nullum
469 3664 530 3737 hic
548 3663 702 3737 dubium
719 3675 786 3736 est.
839 3661 961 3754 Quare
978 3678 1108 3737 centro

61 3775 109 3864 A,
127 3776 232 3850 radio
250 3776 330 3867 AO,
351 3777 381 3851 si
399 3777 557 3851 ducatur
572 3801 680 3850 arcus
694 3776 822 3852 circuli
839 3800 968 3852 secans
986 3779 1051 3852 AG
1070 3779 1108 3851 in

62 3916 96 3981 e,
123 3889 347 3987 quadratum
372 3891 420 3964 ab
447 3892 502 3965 Ac
526 3891 668 3987 aequale
694 3891 766 3964 erit
795 3899 844 3966 20
871 3891 1059 3988 quadratis
1087 3916 1109 3963 a

63 4016 197 4102 quarta
220 4014 326 4099 parte
343 4003 421 4093 GC,
440 4004 516 4077 sive
534 4013 584 4078 20
602 4003 870 4078 decimissextis
887 4004 1001 4077 totius
1019 4028 1109 4100 qua-

64 4117 163 4193 drati
182 4140 204 4189 a
221 4116 306 4201 Gc;
333 4128 372 4190 et
396 4130 594 4214 propterea
611 4117 834 4213 quadratum
857 4141 880 4191 a
901 4117 953 4189 Ζι·
968 4117 1110 4214 aequale

63 4242 119 4305 est
142 4238 187 4304 10
204 4229 470 4303 decimissextis
487 4231 659 4328 quadrati
673 4254 696 4303 a
712 4230 786 4304 GC.

115 4345 246 4440 ltaque
263 4342 526 4417 obsurdefecit
543 4344 731 4418 Professor
748 4344 937 4418 destruere
955 4356 1111 4419 conatus

213 4593 231 4628 ³
254 4591 303 4652 Sic
317 4591 386 4652 edit.
404 4594 490 4652 1669.
534 4592 639 4666 Quare
654 4597 673 4627 ‘⁴
683 4602 813 4669 aquurte
826 4591 953 4670 parte’?
