2618 5092
235 687 315 768 372·
467 704 523 761 nn
539 704 848 763 rerumrerum
866 706 1058 765 cmcunr.

47 892 207 939 monna
234 875 354 950 decim
388 876 577 973 quadratis
605 901 631 952 a
661 888 798 975 quarta
824 890 934 977 parte
965 875 1100 953 lateris
1128 874 1219 961 tlh
1208 886 1272 951 'tt

47 962 422 1063 *latemur
439 990 661 1089 quadratum
672 991 814 1090 oeqnnle
829 990 1277 1090 sexqucdratisaquerta·

233 1114 341 1200 parte
358 1103 525 1198 ejusdem
539 1120 654 1182 rectae
669 1106 743 1181 Fu.

283 1216 367 1290 Fiat
380 1228 426 1290 nt
442 1227 491 1292 32
508 1218 557 1293 ad
578 1229 636 1308 12,
653 1219 708 1295 ita
725 1218 837 1295 laad
852 1218 977 1309 aliem,
993 1240 1082 1317 quae
1098 1214 1172 1292 erit
1185 1222 1239 1303 li.

284 1328 471 1404 Quoniam
493 1353 583 1428 ergo
606 1332 686 1422 BD,
703 1332 778 1422 et,
794 1330 860 1407 tn
876 1340 968 1405 sunt
990 1328 1173 1405 continue
1195 1352 1274 1427 prc-

231 1442 469 1539 portionales,
486 1445 600 1519 etiam
625 1468 753 1519 earum
773 1442 956 1543 quadrata
977 1453 1091 1517 eruut
1108 1441 1269 1516 continue

232 1556 533 1652 proportionalia.
588 1558 671 1633 Erit
699 1580 789 1654 ergo
816 1556 1043 1655 quadratum
1069 1578 1096 1631 a
1125 1555 1189 1630 tl)
1210 1556 1267 1629 mi·

232 1690 324 1741 nore
340 1679 544 1764 segmento,
561 1670 703 1768 oeqnale
716 1671 761 1751 ll
776 1668 968 1765 quadratis
983 1692 1010 1743 a
1025 1678 1163 1767 quarta
1175 1678 1267 1765 parte

231 1779 357 1855 lateris
373 1781 446 1855 EF.
498 1781 655 1880 Sumpta
671 1804 761 1881 ergo
777 1781 851 1881 Dp,
873 1804 958 1880 quae
986 1781 1039 1856 sit
1067 1781 1167 1856 latus
1190 1804 1267 1879 qua·

232 1892 330 1967 dreti
362 1893 512 1990 aequalis
547 1894 701 1970 dimidio
734 1892 915 1994 quadrato
949 1918 974 1968 a
1006 1906 1145 1993 quarta
1174 1904 1265 1991 perte

230 2005 357 2080 lateris
369 2006 451 2096 DA,
466 2008 597 2104 juncta
614 2006 762 2106 Hperit
776 2006 928 2105 aequalis
943 2006 1023 2081 nt.
1066 2006 1167 2081 Cum
1181 2006 1264 2081 enin

231 2119 306 2192 HD
342 2117 564 2217 quadratum
598 2118 739 2217 aequale
767 2119 818 2195 sit
846 2130 1008 2219 quatuor
1038 2118 1264 2218 quadratist

231 2242 365 2329 quarta
390 2230 1045 2330 partelaterisDA,ductaHperit
1066 2232 1167 2308 latus
1189 2254 1262 2331 qua·

231 2343 328 2419 drati
346 2344 445 2442 quod
461 2344 510 2417 sit
526 2352 571 2432 lt
590 2344 761 2443 quadrati
783 2344 910 2419 lateris
932 2344 1017 2419 DA.
1069 2345 1196 2422 Quare
1209 2369 1263 2443 pc

231 2458 349 2531 tentia
375 2469 488 2532 rectae
511 2459 575 2533 Da
589 2458 648 2532 vel
673 2458 736 2556 Hp
763 2457 961 2555 duplicatae
988 2459 1063 2532 erit
1084 2467 1142 2551 18,
1160 2460 1197 2534 id
1218 2474 1262 2532 cst

231 2570 452 2665 quadratum
469 2595 493 2644 a
506 2571 568 2644 nt
581 2571 769 2670 duplicata
785 2572 856 2646 erit
871 2571 1015 2668 aequale
1034 2580 1080 2646 18
1094 2572 1261 2670 quadratis

229 2706 253 2756 a
280 2696 413 2779 quarta
441 2695 546 2781 parte
574 2684 700 2758 lateris
718 2686 798 2758 DA.
852 2685 1025 2758 Potentia
1044 2708 1138 2783 ergo
1166 2697 1260 2759 recta

230 2796 291 2869 Βλ
309 2797 421 2895 tripla
438 2809 495 2871 est
512 2799 689 2895 potentiae
707 2797 767 2889 Bi,
779 2798 899 2895 (cujus
913 2797 1140 2895 quadratum
1156 2811 1209 2873 est
1221 2800 1259 2891 tt

229 2922 270 2984 et
299 2911 537 3009 sesquialtera
562 2912 742 3008 potentiae
767 2911 844 2984 FK.
896 2910 1024 2986 Quare
1048 2911 1140 3008 ipsae
1164 2923 1259 2985 recta

229 3026 303 3115 Βλ,
322 3026 399 3116 FK,
417 3037 504 3100 sunt
522 3027 693 3124 aequales.
746 3023 903 3099 Inventa
916 3027 1023 3121 'ergo
1050 3038 1111 3101 est
1135 3024 1259 3123 magni-

228 3138 321 3212 tudo
338 3150 451 3212 rectae
469 3138 542 3212 Βλ.

279 3252 454 3349 Sequitur
479 3250 578 3341 hinc,
599 3251 682 3347 (per
697 3251 814 3325 Elem.
831 3251 907 3341 xiii,
925 3275 1034 3348 prop.
1053 3261 1111 3345 4),
1128 3250 1260 3348 duplam

227 3363 290 3437 Da
308 3364 487 3461 aequalem
513 3387 591 3437 esse
617 3375 730 3437 rectae
755 3388 838 3461 quae
863 3364 1056 3438 subtendit
1073 3376 1189 3439 totam
1204 3360 1260 3436 DA

227 3487 266 3549 et
295 3478 416 3551 minus
446 3488 679 3574 segmentum
696 3477 770 3567 Αμ.
822 3476 920 3550 Nam
940 3476 1168 3574 quadratum
1189 3475 1261 3550 snt

226 3600 342 3664 tensae
358 3591 456 3664 illins
472 3589 624 3688 triplum
638 3602 695 3663 est
704 3590 873 3687 quadrati
890 3614 914 3663 a
929 3591 1073 3685 maj0re
1085 3600 1261 3688 segmento

226 3703 284 3776 Bt
300 3704 360 3777 vel
377 3703 447 3785 Ar.
499 3703 600 3778 Quid
625 3702 673 3776 ad
696 3703 776 3776 haec
798 3702 934 3776 dicturi
950 3714 1051 3792 sunt,
1069 3703 1134 3799 qui
1151 3701 1263 3776 Eucli-

85 3814 89 3823 '
226 3816 311 3891 dem
335 3840 519 3912 nusquam
553 3839 694 3890 errasse
721 3815 878 3890 volunt?
941 3815 1118 3890 Euclides
1151 3826 1261 3892 tamen

224 3931 332 4004 lineae
365 3929 556 4003 rationalis
583 3941 750 4002 extrema
776 3939 814 4003 et
843 3926 966 4002 media
992 3930 1139 4004 ratione
1165 3940 1262 4003 secta

224 4057 423 4140 utrumque
464 4053 697 4138 segmentum
731 4041 866 4116 lineam
900 4064 983 4115 esse
1022 4042 1261 4118 irrationalem

224 4156 329 4247 dicit,
345 4180 431 4231 oum
456 4166 495 4230 et
525 4167 645 4229 totum
669 4155 891 4253 quadratum
907 4180 932 4229 a
947 4156 1031 4247 DA,
1055 4167 1095 4231 et
1118 4156 1262 4255 quadru-

223 4283 304 4345 tum
320 4270 513 4366 utriusque
543 4269 738 4365 segmenti,
762 4268 837 4342 sint
864 4278 908 4342 nt
936 4292 1115 4344 numerus
1134 4269 1182 4344 ad
1201 4290 1261 4343 nu·

222 4408 377 4458 merum.
431 4384 532 4457 Bene
562 4382 713 4479 quidem
739 4381 984 4456 ratiocinatus
1008 4395 1067 4457 est
1089 4381 1258 4467 Euclides,

222 4495 288 4569 sed
304 4496 399 4572 falso
416 4520 502 4571 usus
520 4507 579 4571 est
594 4494 779 4593 principio
794 4495 857 4569 illo
875 4493 1008 4592 primo,
1018 4505 1198 4597 peccem
1210 4500 1259 4568 ert
