2618 5092
279 663 597 718 usrnnusrrcn
618 666 863 718 scuranum.
1046 647 1094 727 77

53 834 186 908 diversa
217 841 276 905 est
307 831 390 905 haec
424 831 593 905 Euclidis.
644 832 885 905 Manifestum
915 830 1013 903 euim
1039 843 1096 903 est
1132 860 1279 902 nitrosus

52 947 133 1019 duas
156 944 348 1042 quaslibet
373 942 586 1019 venenatos
612 944 771 1020 duorum
795 969 992 1042 corporum
1017 969 1096 1018 mo-

49 1071 176 1147 torum,
204 1057 348 1132 habere
374 1057 473 1131 inter
496 1081 536 1131 se
559 1071 700 1132 certam
724 1059 885 1155 aliquam
902 1058 1095 1147 rationem,

49 1171 264 1268 etquidem,
290 1170 381 1244 dum
398 1172 612 1246 velocitates
636 1172 710 1247 illae
730 1173 869 1247 eaedem
887 1183 985 1262 suut,
1010 1197 1097 1246 eau-

49 1285 138 1360 dem.
199 1283 448 1359 Velocitatem
468 1299 592 1360 antem
617 1286 747 1360 definit
764 1287 949 1375 Hobbius‚
964 1296 1095 1385 poten·

48 1398 135 1471 tion
152 1421 237 1472 csse
253 1397 404 1471 mobilis
424 1398 463 1472 in
480 1408 643 1497 tempore
660 1399 905 1473 determinato
923 1399 1098 1473 determi-

47 1521 170 1584 natum
187 1509 457 1608 longitudinem
467 1511 702 1609 permeandi.
753 1513 810 1586 Ex
824 1513 881 1586 his
894 1513 1097 1586 manifestis

47 1623 324 1718 generationem
336 1623 478 1718 colligit
489 1623 654 1720 ejusdcm
666 1624 841 1702 rationis.
874 1625 975 1698 Dicit
985 1626 1095 1715 enim,

47 1735 81 1810 si
94 1735 167 1809 duo
183 1733 354 1824 mobilia,
369 1745 563 1833 utrumque
580 1735 775 1809 velocitate
793 1736 993 1827 invariato,
1005 1762 1096 1836 per-

48 1858 200 1921 currant
217 1847 315 1920 duas
332 1845 585 1945 longitudines
603 1857 767 1946 tempore
784 1848 920 1931 eodem,
936 1875 1004 1922 eas
1022 1850 1096 1923 lon-

46 1961 238 2057 gitudines
265 1961 450 2034 rationem
471 1959 611 2034 habos
635 1962 732 2035 inter
753 1987 795 2034 se
819 1962 972 2036 eandem
992 1990 1097 2060 quum

48 2072 179 2147 labent
201 2072 420 2147 velocitates
443 2074 561 2172 ipsc:
587 2086 624 2148 et
642 2099 780 2165 rursus,
802 2075 928 2149 sidua
946 2076 1096 2150 nobilio

49 2196 235 2285 utrumque
264 2187 394 2261 eodem
423 2186 616 2261 invariata
646 2188 842 2262 velocitate
867 2201 1097 2286 percurrunt

50 2299 137 2374 duos
173 2299 443 2400 longitudines,
476 2300 612 2376 habere
645 2327 710 2376 eos
744 2302 895 2376 eandem
929 2302 1028 2376 inter
1054 2328 1096 2375 se

1207 942 1228 981 1.

1136 943 1279 1047 -La

51 2414 238 2504 rationem,
269 2437 381 2511 quum
404 2413 538 2488 habent
564 2415 663 2489 inter
692 2440 734 2488 sc
766 2426 935 2514 temporo
961 2416 1095 2514 quibus
1227 2505 1235 2519 ι

47 2537 334 2624 perconantur.
386 2527 529 2602 Quibus
559 2528 701 2624 positis,
734 2530 808 2603 sint
839 2528 913 2603 duo
944 2528 1096 2604 mobilia

52 2639 92 2713 ad
113 2652 300 2738 punctum
316 2641 363 2729 A,
388 2652 677 2739 moveanturque
703 2667 827 2740 aequa-
941 2701 961 2740 D
1031 2654 1048 2692 Β

51 2749 107 2826 bili
141 2753 344 2828 velocitate
382 2777 449 2850 per
484 2754 573 2844 AB,
611 2756 700 2830 Ac,
779 2758 827 2831 Et

51 2864 279 2940 velocitatem
296 2865 445 2962 quidem
461 2867 570 2941 unius
589 2881 829 2964 repraesentet
848 2898 867 2934 s
940 2899 956 2935 a
1032 2898 1047 2933 c

52 2976 125 3062 AB,
151 2977 392 3055 velocitatem
418 2993 543 3054 autem
569 2982 719 3056 alterius
744 2995 984 3079 repraesentet
1010 2983 1091 3056 AC.

52 3088 205 3166 Venient
219 3115 310 3188 ergo
324 3091 481 3166 alterum
493 3093 542 3167 ad
556 3095 599 3183 B,
616 3096 775 3169 alterum
788 3096 836 3170 ad
850 3096 891 3186 C,
909 3097 948 3169 in
962 3094 1094 3169 eodem

52 3215 214 3303 tempore
232 3205 317 3296 AC,
337 3217 534 3303 propterea
552 3209 652 3304 quod
671 3209 884 3283 velocitates
901 3209 1094 3282 amborum

51 3319 343 3395 determinantur
359 3344 425 3417 per
442 3322 560 3418 spatia
578 3347 660 3418 quae
678 3322 809 3396 eodem
828 3333 994 3419 tempore
1011 3345 1094 3417 per-

50 3447 213 3508 currunt.
258 3432 448 3522 Similiter,
462 3434 494 3507 si
506 3434 544 3507 iu
558 3447 664 3532 parte
678 3437 854 3532 temporis
868 3435 949 3524 AC,
963 3433 1094 3508 iisdem

49 3548 200 3622 servatis
215 3546 486 3638 velocitatibus,
500 3548 656 3622 alterum
671 3550 796 3623 veniat
810 3548 858 3623 ad
871 3549 918 3639 D,
936 3548 1094 3622 alterum

48 3659 91 3734 ad
108 3662 153 3751 E,
181 3683 311 3734 rursus
338 3671 447 3735 erunt
472 3662 593 3758 spatia
620 3687 795 3758 percursa
812 3663 886 3737 AD
911 3674 948 3737 et
965 3663 1036 3736 ΑΕ
1053 3675 1095 3737 ut

48 3774 263 3849 velocitates
280 3773 432 3863 eaederm
460 3773 584 3864 idest,
605 3787 649 3849 ut
666 3777 737 3850 AB
759 3776 805 3850 ad
823 3777 903 3850 Ac.
954 3776 1094 3850 Eodem

47 3887 169 3978 modo,
187 3887 219 3961 si
236 3885 373 3960 mobile
394 3885 493 3959 idem
511 3888 634 3962 veniat
657 3889 707 3962 ad
724 3889 755 3961 B
772 3889 810 3963 in
828 3901 993 3987 tempore
1011 3890 1093 3979 Ae,

46 4001 167 4074 veniet
195 4000 244 4074 ad
269 3999 304 4072 D
329 3999 367 4070 in
390 4011 496 4095 parte
520 3999 617 4074 illius
635 4004 824 4099 temporis,
846 4014 937 4099 puta
953 4003 994 4076 in
1010 4005 1092 4092 ΑΕ,

47 4136 127 4209 quae
144 4113 194 4187 sit
211 4112 333 4210 spatio
354 4112 427 4185 AD
444 4111 654 4210 homologa.
706 4115 785 4188 Nec
804 4128 949 4189 tantum
965 4141 1093 4189 verum

45 4224 114 4300 boc
131 4241 191 4300 est
208 4225 247 4300 in
266 4235 382 4314 motu,
406 4225 473 4298 sed
496 4226 607 4299 etiam
630 4227 669 4299 in
692 4229 793 4301 omni
813 4253 948 4325 genere
965 4252 1091 4302 causa-

45 4339 166 4430 tionis,
201 4340 268 4414 ubi
304 4363 414 4412 causa
442 4339 644 4435 aequalibus
678 4341 905 4436 temporibus
938 4340 1092 4436 aequalia

45 4475 186 4552 semper
203 4452 332 4528 efficit.
373 4452 504 4547 ltaque
527 4453 680 4526 eandem
703 4453 882 4528 rationem
903 4455 999 4550 (cap.
1014 4454 1091 4527 xiii.

45 4579 109 4642 art.
121 4576 157 4661 6,
175 4568 265 4643 libri
281 4586 338 4639 nu
352 4571 561 4660 consona)
579 4565 632 4641 sic
650 4567 842 4642 definivit:
870 4568 984 4642 Ratio
999 4591 1092 4666 geo-
