2618 5092
227 646 301 713 326
502 655 784 713 Pnonnnum
801 654 1000 711 PRIMA.

47 856 116 899 cn.
130 856 176 899 m,
227 825 446 900 auctionem.
497 824 574 901 cur
589 848 679 923 ergo
694 847 773 899 non
788 822 1015 901 ascendebat
1037 846 1138 921 qun
1154 818 1200 897 nd
1217 842 1251 895 a

47 924 187 1031 {J
226 938 414 1035 implenda
429 939 567 1036 absque
583 937 778 1014 suctione?
826 938 864 1013 la
886 937 952 1036 qui
979 934 1084 1035 sugit
1102 934 1252 1035 puisun,
1301 894 1303 969 l

226 1074 346 1149 neque
372 1051 411 1126 in
437 1064 606 1128 ventrem
628 1053 839 1151 quicquam,
864 1074 986 1149 neque
1007 1050 1052 1125 in
1071 1048 1253 1148 pulmon*
1301 1056 1303 1113 i

227 1189 348 1263 neque
381 1166 421 1238 in
447 1190 489 1239 os
518 1190 540 1241 e
569 1166 694 1264 phiala
725 1166 866 1260 exugit.
917 1162 1024 1243 Quid
1050 1186 1143 1263 ergo
1170 1156 1253 1259 igal
1301 1230 1303 1249 ,

227 1278 362 1352 Aerem
379 1279 590 1370 commovit,
608 1292 647 1354 et
659 1280 700 1354 in
715 1279 883 1378 partibus
905 1280 988 1377 ojus
1013 1288 1187 1355 conatum
1208 1296 1255 1349 n·
1301 1266 1303 1281 '

226 1390 350 1489 gendo
377 1393 490 1466 efficit
510 1415 577 1489 per
600 1416 643 1467 os
662 1392 835 1481 exeundi,
860 1404 900 1467 ct
922 1415 1001 1467 non
1027 1386 1253 1477 &mimda

228 1515 403 1578 conatum
438 1504 629 1581 redeundi.
680 1506 740 1581 Ab
771 1505 830 1580 his
859 1504 1056 1581 conatibus
1084 1500 1256 1580 contrariis

229 1616 465 1713 componitur
492 1615 701 1693 circumitio
733 1618 835 1693 intra
859 1616 1038 1715 phialam,
1059 1627 1101 1693 et
1126 1626 1257 1691 conans

230 1728 390 1803 exeundi
407 1752 711 1826 quaquaversum.
763 1731 895 1829 Itaque
915 1730 1054 1829 phiala
1081 1752 1148 1806 ore
1172 1748 1258 1825 uque

231 1843 417 1934 immerso,
436 1865 500 1916 aer
515 1842 556 1915 in
568 1842 772 1940 subjectam
789 1868 924 1941 aquam
936 1856 1113 1942 penebat
1124 1866 1146 1917 e
1157 1838 1259 1941 pluo

231 1955 436 2054 egrediens,
455 1966 493 2028 et
508 1956 727 2031 tantundem
744 1980 850 2055 uquae
866 1958 905 2031 in
921 1956 1089 2053 phialam
1106 1954 1211 2053 cogit.

282 2068 333 2143 Α.
359 2068 544 2143 Praeterea
568 2068 625 2143 vis
650 2069 715 2144 illa
740 2093 876 2169 magna
903 2071 1089 2147 suctionis
1114 2068 1210 2159 facit,
1225 2076 1258 2139 ut

233 2182 398 2279 sugentis
415 2181 520 2255 labra
542 2205 628 2255 cum
651 2182 746 2257 collo
767 2183 902 2280 phiala
923 2182 1129 2281 aliquando
1151 2178 1258 2256 arctis

235 2294 326 2368 sime
336 2294 546 2369 cohaercant
556 2304 708 2392 propter
717 2307 932 2371 contactum
942 2295 1258 2394 exquisitissinun

664 2955 770 3032 CAP.
796 2957 861 3032 IV.

382 3166 665 3220 PROBLEMATA
684 3167 740 3219 DE
762 3166 922 3220 CALORE
948 3168 1002 3219 ET
1022 3168 1146 3222 Lucu.

290 3320 336 3395 A.
364 3322 467 3397 QUAE
486 3332 671 3397 causaest
688 3321 849 3395 caloris?

292 3434 341 3508 B.
369 3434 478 3510 Unde
493 3435 591 3510 nosti
607 3459 656 3510 au
673 3435 722 3508 sit
739 3434 778 3509 in
795 3458 919 3509 rerum
935 3447 1075 3510 natura
1093 3436 1266 3533 quicquam

241 3547 400 3622 calidum
419 3560 554 3644 praeter
569 3548 728 3644 teipsum
744 3547 758 3620 i

292 3661 328 3734 Α
356 3662 455 3736 Quin
472 3662 590 3736 sentio
613 3685 673 3736 me
693 3685 717 3736 a
738 3660 953 3758 corporibus
969 3659 1191 3758 quibusdam
1205 3657 1267 3733 aliis

241 3774 412 3849 calefieri.

292 3888 340 3961 B.
368 3892 392 3926 “
406 3888 595 3975 Calefacit,
614 3912 703 3984 ergo
721 3887 817 3962 calet
830 3887 873 3961 ”2
900 3910 976 3962 nou
994 3898 1055 3962 cst
1079 3889 1179 3963 bona
1198 3907 1268 3960 cou-

240 4001 443 4099 sequentin.
496 4002 569 4076 Sed
587 4026 697 4098 quam
714 4000 829 4076 sentis
855 4001 933 4099 ipse
951 4001 1121 4098 corporis
1136 4001 1191 4076 tui
1204 4021 1268 4072 mu·

239 4116 418 4189 tationem
436 4113 525 4188 dum
538 4114 713 4188 calescis?

290 4228 339 4303 A.
365 4227 483 4303 Video
502 4240 625 4302 cutem
648 4226 740 4303 mihi
765 4237 895 4302 aestate
919 4249 1032 4324 quam
1055 4227 1186 4324 hyeme
1206 4243 1268 4298 csse

241 4343 528 4440 explicatiorem.
579 4342 629 4415 Et
645 4365 728 4415 sum
751 4339 973 4438 quandoque
998 4338 1156 4415 debilior
1178 4336 1266 4413 solito

241 4456 463 4552 praecalore.
490 4457 540 4530 Et
553 4455 673 4531 sentio
685 4456 789 4553 quasi
800 4455 951 4553 spiritus
961 4455 1096 4531 vitales
1106 4452 1265 4529 exhalare·

240 4568 363 4644 Etiam
380 4570 486 4645 sudo.
