2618 5092
290 647 612 701 Mauuatrfflcat
633 647 877 699 Ronlanum.
1072 631 1114 708 17

63 813 174 909 aliquo
192 826 437 891 mensurato.
488 815 637 911 Alioqui
650 814 849 911 quaerentis
866 813 1009 888 animus
1022 813 1115 887 nihil
1150 844 1302 886 ammaus

62 927 175 1018 habet,
190 929 234 1000 in
252 952 334 1025 quo
349 928 569 1024 acquiescat,
585 928 882 1001 determinatum.
926 928 1011 1000 Non
1027 939 1115 1001 sunt
1153 925 1298 1029 *ᾗ

63 1065 140 1137 crgo
170 1041 396 1138 longitudo,
424 1041 646 1138 superficies,
679 1041 849 1129 solidum,
883 1040 1114 1138 quantitates

64 1155 157 1251 ipsae,
181 1154 254 1228 sed
273 1164 433 1252 quanta,
450 1154 508 1228 vel
525 1155 660 1251 potius,
679 1156 758 1228 sine
776 1154 984 1228 scholarum
1002 1156 1113 1229 etiam

64 1268 301 1364 antiquarum
321 1267 558 1357 barbarismo,
577 1277 694 1341 tanto.

108 1381 159 1453 B.
189 1380 298 1454 Nihil
316 1380 424 1453 video
441 1392 593 1476 propter
609 1379 708 1476 quod
726 1379 806 1453 haec
823 1404 899 1454 non
916 1380 989 1453 sint
1007 1405 1113 1456 accu-

65 1507 141 1567 rate
158 1493 275 1567 dicta.
330 1493 405 1567 Sed
422 1493 511 1590 quid
528 1492 614 1566 iude
632 1493 773 1567 infers?

109 1605 155 1679 A.
184 1607 290 1681 Istuc
308 1607 440 1697 infero,
458 1620 615 1704 tempus,
634 1607 767 1695 locum,
782 1618 935 1696 motum,
953 1607 1110 1703 pondus,

63 1744 136 1794 non
163 1721 290 1794 minus
319 1722 467 1818 proprie
491 1721 718 1818 quantitates
745 1720 829 1807 dici,
860 1744 971 1817 quam
1000 1720 1110 1810 linea,

64 1834 289 1930 superficies,
318 1846 358 1906 et
387 1834 556 1908 solidum.
628 1834 724 1906 Cum
753 1835 851 1907 enim
878 1858 999 1931 neque
1029 1834 1110 1908 baec

63 1933 189 2040 neque
201 1946 266 2019 illa
284 1947 511 2042 quantitates
529 1947 615 2035 siut,
633 1945 699 2019 sed
724 1957 874 2041 quanta,
891 1969 997 2041 aeque
1024 1957 1110 2020 sunt

63 2072 220 2155 utraque
238 2060 478 2156 quantitates.
531 2060 697 2156 Cumque
715 2071 792 2132 tam
815 2057 878 2130 illa
901 2082 1012 2153 quam
1029 2058 1110 2132 baec

63 2172 310 2268 quantitatem
327 2172 499 2262 habeant,
524 2186 612 2246 sunt
640 2195 745 2268 aeque
773 2182 929 2266 utraque
958 2184 1108 2266 quanta.

64 2285 187 2360 Quare
221 2286 261 2359 in
290 2285 506 2359 definitione
540 2284 610 2358 hac
633 2284 845 2385 Matheseos
879 2283 1107 2371 universalis,

62 2399 150 2472 nihil
180 2409 239 2472 est
265 2422 388 2494 neque
415 2407 526 2490 ἀκριβὲς
553 2423 674 2495 neque
700 2407 788 2484 ὑγιὲς.
850 2395 971 2469 Multa
997 2396 1109 2470 babet

62 2511 301 2585 Archimedes
329 2510 496 2585 inlibris
525 2511 600 2584 suis
630 2535 696 2608 per
725 2524 869 2584 motum
901 2523 939 2583 et
965 2522 1109 2607 tempus

62 2623 326 2714 demonstrata,
346 2647 429 2720 quae
446 2634 570 2697 tamen
591 2647 638 2697 ne
651 2622 837 2697 Wallisius
856 2622 1004 2719 quidem
1017 2624 1108 2721 ipse,

63 2737 184 2828 credo,
206 2736 364 2834 negabit
385 2758 465 2810 esse
490 2748 528 2809 et
551 2736 645 2810 bene
669 2735 922 2809 demonstrata
947 2748 986 2810 et
1014 2761 1107 2832 pure

62 2851 335 2925 mathematica.

107 2963 155 3039 Β.
182 2964 287 3041 Quid
315 2963 502 3037 Wallisius
528 2975 731 3060 negaturus
756 2964 806 3036 sit
834 2962 971 3036 nescio.
1032 2962 1108 3036 Sed

62 3088 218 3176 tempus,
234 3078 352 3167 locus,
371 3087 455 3164 etc,
473 3078 563 3150 mihi
589 3076 737 3172 quidem
760 3076 934 3150 videntur
960 3075 1103 3171 quanti-

62 3202 153 3266 tates
170 3216 249 3265 non
273 3189 396 3263 minus
415 3190 564 3286 proprie
588 3189 708 3278 dictae,
735 3214 847 3286 quam
877 3186 1106 3283 magnitudo,

62 3315 98 3377 et
122 3326 325 3385 numerus:
352 3326 421 3376 nec
449 3302 636 3398 quantitas
666 3327 689 3375 a
715 3300 971 3399 magnitudine
1001 3300 1108 3374 aliter

61 3416 253 3514 distingui,
276 3414 349 3488 nisi
374 3415 476 3511 quod
500 3439 567 3512 per
597 3416 841 3511 quantitatem
867 3413 1108 3509 intelligimus

61 3529 306 3604 determinate
340 3537 497 3614 tantum,
538 3527 754 3624 magnitudo
790 3539 914 3601 autem
953 3551 1026 3600 vox
1061 3527 1109 3601 sit

60 3641 265 3716 indefinita.
334 3639 451 3713 Video
485 3641 576 3714 item
606 3641 762 3713 alteram
791 3652 877 3737 post
905 3639 1109 3714 adhibitam

60 3779 270 3830 mensuram
283 3755 671 3850 comparationemque
684 3777 767 3827 cum
783 3754 855 3828 alio
867 3766 952 3827 actu
963 3777 1109 3850 semper

60 3870 153 3956 dici;
180 3869 337 3944 alteram
364 3893 440 3942 non
470 3891 626 3963 semper.
688 3867 762 3940 Sed
789 3866 958 3940 desidero
986 3866 1108 3941 adhuc

61 3985 316 4059 definitionem
333 4006 522 4057 mensurae.
574 3981 787 4054 Mirandum
817 3981 915 4055 euim
938 3992 1045 4069 essct,
1076 3981 1107 4054 si

61 4098 122 4195 qai
152 4096 380 4194 geometriae,
413 4120 523 4192 qnam
551 4095 630 4167 sine
660 4096 934 4168 mensuratione
962 4096 1107 4189 assequi

60 4236 168 4285 nemo
198 4223 336 4307 potest,
375 4210 495 4306 prima
523 4208 706 4304 principia
734 4209 869 4305 posuit,
902 4232 1108 4281 mensuram

60 4349 242 4422 nusquam
260 4322 461 4396 definisset.

108 4439 157 4513 A.
185 4436 365 4512 Definitio
383 4435 516 4535 partis
537 4434 720 4527 (subaudi,
747 4433 939 4532 aliquotae)
971 4431 1108 4505 tradita

60 4552 105 4626 ab
127 4549 284 4626 Euclide
305 4549 412 4625 initio
435 4548 616 4623 Elementi
641 4548 772 4644 quinti,
801 4548 928 4643 paucis
956 4546 1107 4618 mutatis
1218 4624 1225 4638 ,

158 4687 255 4740 vot.
277 4685 334 4736 IV.
985 4681 1007 4733 C
