2618 5092
208 634 283 714 476
401 660 406 669 ·
616 650 672 705 na
694 649 846 705 nausis

20 846 183 889 areanum.
210 842 301 915 ergo
317 818 470 908 DC,Dt,
486 818 572 907 DX,
588 816 655 893 DF
675 818 854 893 continue
872 814 1176 915 proportlomlffl
1187 820 1205 891 i
1219 828 1253 891 el

22 916 167 951 ‘'²“
210 932 282 1022 m,
300 932 373 1006 ox
390 932 522 1007 mene
538 932 713 1028 quaesrtae.

213 1118 217 1127 ,
262 1044 303 1118 Si
332 1046 416 1142 quis
444 1045 485 1119 iu
513 1046 585 1119 hac
619 1042 935 1119 demonstratione
966 1040 1255 1139 propositionem

210 1156 340 1232 falsam
357 1171 517 1233 autnon
543 1156 789 1233 necessariam
812 1154 1024 1231 illationem
1047 1154 1254 1243 ostenderit,

211 1270 324 1346 modo
341 1272 511 1347 convitiis
527 1294 568 1345 se
584 1270 782 1361 abstinent,
802 1268 891 1363 (etsi
913 1268 1008 1343 mibi
1029 1290 1140 1343 meus
1162 1290 1257 1343 error

211 1384 358 1481 plaeere
388 1408 464 1458 nou
492 1385 647 1480 potest),
674 1382 824 1458 veritati
849 1394 978 1457 tamen
1007 1380 1167 1455 studens
1188 1404 1255 1455 uon

211 1496 337 1593 inique
353 1497 482 1572 seram.
534 1497 609 1571 Sed
632 1509 675 1571 ut
701 1520 747 1571 eo
773 1497 893 1571 solum
921 1496 1079 1570 nomine
1100 1518 1257 1585 accuser,

212 1609 312 1706 quod
337 1623 536 1708 postquam
565 1611 614 1684 ad
640 1611 957 1685 constructionem
983 1610 1255 1706 assumpsissem

211 1722 371 1797 mediam
388 1723 703 1821 proportionalem
720 1724 818 1797 inter
841 1734 1042 1811 extremas,
1066 1722 1258 1797 medietate

212 1834 276 1909 illa
292 1860 467 1910 nonaum
483 1861 583 1925 usus,
599 1837 766 1935 iniquum
783 1850 852 1911 est.
904 1836 1047 1912 Dicant
1063 1835 1189 1923 velim,
1201 1834 1258 1909 illa

211 1948 342 2046 regula
356 1973 471 2046 aquo
488 1950 667 2047 magistro
691 1950 821 2047 logicae
841 1949 1014 2047 profecta
1030 1962 1103 2039 est,
1120 1962 1165 2023 ut
1180 1972 1258 2023 cnm

212 2062 391 2159 magistro
421 2063 501 2159 ipso
526 2062 779 2137 controversia
807 2061 897 2135 mihi
922 2062 987 2136 sit.
1040 2062 1109 2137 Sin
1131 2062 1258 2138 nullius

212 2175 394 2273 magistri,
411 2176 477 2251 sed
499 2201 574 2251 suae
590 2176 754 2274 ipsorum
770 2176 980 2274 prudentia
996 2174 1186 2249 dictamen
1201 2175 1257 2263 sit,

212 2289 408 2364 ostendant
435 2314 517 2365 esse
544 2290 747 2365 infallibile.
799 2288 913 2365 Quod
938 2287 1070 2363 dicant
1099 2289 1179 2363 sine
1200 2313 1258 2363 ex-

212 2404 334 2499 emplo
364 2428 456 2493 esse,
482 2404 574 2477 nihil
603 2429 751 2478 moror:
784 2428 944 2500 quaeram
973 2403 1075 2477 euim
1092 2403 1258 2491 vicissim,

212 2516 295 2612 quis
312 2516 382 2590 fuit
399 2517 461 2589 ille
479 2518 541 2613 qui
566 2519 639 2591 alia
665 2518 839 2592 methodo
869 2516 1163 2613 duplicationem
1180 2516 1257 2589 cubi

212 2628 490 2705 demonstrarit.
558 2631 730 2704 Euclides
764 2631 898 2704 multas
934 2630 1051 2704 babet
1087 2630 1129 2704 in
1159 2631 1257 2704 initio

210 2740 487 2814 Elementorum
516 2744 762 2832 definitiones
780 2744 912 2841 quibus
936 2757 1065 2818 tamen
1084 2769 1257 2842 nusquam

209 2854 339 2926 utitur.
385 2855 444 2928 An
463 2855 697 2930 definitiones
715 2857 763 2932 ad
785 2856 1128 2932 demonstrationes
1145 2860 1256 2931 minos

209 2969 423 3041 necessariae
441 2980 539 3056 sunt,
554 2994 665 3066 quam
682 2980 879 3065 assumpta.
925 2971 1119 3068 Aualytici
1138 2996 1256 3046 omnes

208 3091 403 3153 assumunt
432 3080 572 3178 aliquid
595 3082 787 3177 ignotum
814 3081 882 3154 etsi
908 3082 958 3154 ab
982 3084 1117 3179 ignoto
1142 3107 1257 3181 perse

209 3203 340 3264 notum
357 3193 437 3265 fieri
455 3194 547 3267 nibil
572 3206 719 3289 potest:
747 3193 812 3268 sed
830 3218 900 3290 ope
918 3195 1082 3269 aliorum
1100 3221 1256 3294 praecog-

209 3305 371 3379 nitorum
401 3307 631 3404 problemata
654 3307 773 3381 multa
798 3320 863 3380 aut
891 3308 1055 3399 solvunt,
1083 3323 1150 3384 aut
1173 3311 1255 3384 solvi

208 3440 285 3490 non
302 3443 411 3514 posse
430 3419 698 3495 demonstrant.
740 3422 801 3495 An
813 3444 943 3495 verum
957 3424 1124 3520 positum
1142 3426 1254 3499 minus

209 3529 357 3622 valebit,
376 3558 486 3629 quam
503 3559 571 3631 pro
588 3559 677 3609 vero
706 3535 935 3631 suppositum
959 3536 1147 3612 dubium?
1195 3541 1254 3613 Er·

209 3655 294 3716 rant
311 3646 373 3741 qui
391 3647 445 3720 sic
471 3648 646 3723 sentiunt.
697 3650 834 3721 Verum
857 3650 958 3722 enim
982 3662 1061 3724 tam
1079 3653 1135 3725 sui
1154 3676 1253 3750 quam

209 3755 291 3843 falsi
308 3756 420 3831 index
437 3773 505 3845 est,
522 3772 566 3833 ut
583 3784 695 3857 aquo
713 3761 805 3835 nihil
822 3762 892 3834 nisi
910 3787 1043 3837 verum
1061 3765 1253 3839 derivatur.

261 3868 336 3943 Sed
362 3894 409 3944 ne
436 3872 526 3965 quid
551 3874 764 3947 omittamus
782 3873 882 3970 quod
904 3877 1131 3970 problemati
1147 3876 1254 3952 nobili

208 3984 519 4080 perspecuitatem
545 3986 741 4060 allaturum
771 3987 952 4074 videatur,
977 3991 1136 4065 eandem
1162 4015 1254 4065 nunc

210 4098 485 4172 conclusionem
514 4100 561 4173 ab
589 4125 633 4174 eo
666 4103 746 4197 ipso
777 4101 1129 4195 demonstrabimus,
1164 4102 1253 4202 quod

209 4226 313 4285 recta
336 4212 404 4285 AO
434 4214 583 4309 aequalis
613 4227 760 4310 sumpta
793 4215 842 4289 sit
869 4228 983 4288 rectae
1012 4218 1093 4308 DE,
1124 4218 1164 4293 id
1192 4229 1255 4304 est,

209 4325 341 4399 mediae
359 4327 626 4423 proportionali
645 4329 743 4401 inter
759 4341 945 4402 extremas
963 4332 1035 4405 ΑΙ)
1054 4344 1094 4406 et
1111 4332 1193 4406 DV.

261 4439 435 4515 Sumatur
462 4441 500 4515 in
529 4439 644 4516 latere
663 4440 729 4516 Dc
747 4452 850 4517 recto
867 4440 933 4515 DF
952 4444 1110 4540 aeqoalis
1127 4446 1205 4537 DV,
1220 4456 1254 4518 et
