2618 5092
199 633 274 703 286
518 644 924 705 nsuuruaauuars.

200 839 450 913 supponamus
466 839 552 890 cum
568 814 654 906 illis,
671 814 823 891 duritiei
839 834 990 889 cuumm
1004 832 1090 887 esse
1106 808 1239 909 magni

199 930 367 1005 tudinem
393 942 459 1003 aut
483 928 689 1003 crassitiem
712 928 899 1025 partium:
925 948 1039 1024 quam
1064 922 1241 999 rationem

201 1042 356 1117 reddere
382 1040 586 1139 poterimus
607 1064 675 1115 cnr
696 1039 825 1115 durim
839 1038 900 1115 uel
919 1037 1065 1113 firmior
1088 1036 1140 1113 sit
1154 1060 1242 1135 aqua

202 1155 407 1252 congelata,
439 1178 550 1253 quam
583 1165 642 1229 est
673 1152 804 1229 eadem
836 1174 933 1251 aqua
958 1162 1050 1225 ante
1078 1150 1243 1249 00qu

201 1268 369 1344 tionem?

252 1380 303 1455 B.
328 1379 499 1454 Viderint
515 1378 581 1453 illi.
631 1378 713 1475 Ego
734 1377 835 1453 enim
859 1376 991 1453 eliense
1006 1373 1245 1473 philosophie

203 1505 375 1569 narrator
392 1493 473 1582 tibi,
490 1515 568 1567 non
583 1490 756 1567 defensor
771 1514 866 1567 sum.

252 1605 300 1681 A.
326 1608 510 1681 Praeterea
532 1626 617 1701 quae
635 1604 731 1679 ratio
749 1603 1036 1702 diaphsneitatis
1062 1598 1172 1675 reddi
1186 1623 1246 1697 po-

203 1731 279 1795 test
295 1741 492 1815 corporum
507 1739 649 1807 eorum,
665 1740 735 1815 per
751 1740 835 1814 quae
850 1727 1094 1812 transparent
1108 1714 1248 1810 objecta

204 1831 496 1907 omniavisibilia
510 1852 587 1905 non
602 1829 724 1905 minus
736 1828 911 1905 distincta
923 1853 1036 1927 quam
1044 1851 1116 1927 per
1131 1850 1247 1903 aerem

203 1944 465 2044 purissimum?
516 1942 615 2017 Nam
639 1943 672 2017 si
695 1942 835 2017 vitrum
860 1954 927 2017 aut
953 1940 1144 2016 cristallus
1167 1964 1248 2015 cou-

205 2059 349 2134 sisteret
366 2080 411 2131 ex
429 2056 531 2131 duris
546 2055 774 2153 corpusculis
790 2054 961 2145 humatis,
973 2054 1175 2153 perplexis,
1189 2064 1249 2129 aut

205 2169 536 2271 quomodocunque
561 2168 662 2266 poris
686 2168 892 2267 disjunctis,
908 2167 1140 2266 impossibile
1160 2177 1250 2241 esset

205 2298 248 2359 ut
265 2284 359 2358 radii
375 2282 468 2357 lucis
486 2282 687 2356 transirent
705 2307 774 2380 per
790 2281 1015 2379 diapbunum
1032 2280 1250 2379 sphaericum

206 2399 285 2472 siue
301 2396 412 2469 variis
428 2394 701 2484 reflexionibus,
718 2396 852 2493 quibus
878 2394 970 2469 ordo
995 2395 1163 2491 partium
1178 2407 1250 2468 tur·

206 2511 369 2600 baretur,
386 2519 425 2582 et
450 2508 604 2582 confusa
626 2510 733 2583 fieret
755 2509 872 2583 visio:
898 2509 1000 2608 quod
1027 2508 1251 2606 experientia

207 2622 422 2723 quotidiana
438 2622 602 2696 ostendit
618 2646 697 2696 esse
714 2621 858 2697 fulsum.

258 2737 308 2809 B.
334 2735 680 2831 Experimentorum
693 2759 775 2832 quae
791 2735 944 2809 fecimus
959 2748 1028 2808 aut
1045 2734 1246 2830 recepimus

208 2851 405 2924 observatu
433 2847 558 2944 digna,
580 2872 624 2923 ea
647 2861 735 2922 sunt
760 2850 954 2947 (quantum
978 2850 1151 2944 memini)
1176 2869 1251 2945 qua

204 2966 282 3062 jam
299 2961 421 3036 retuli.

257 3074 304 3149 A.
332 3075 389 3148 De
408 3073 571 3170 quaesitis
587 3084 712 3148 autem
729 3073 828 3148 circa
844 3088 1017 3148 naturam
1029 3096 1157 3147 rerum
1173 3072 1253 3146 ulia-

208 3213 304 3278 rum,
330 3187 420 3284 quid
445 3188 642 3261 statuunt?
693 3189 743 3262 Et
766 3188 900 3284 primo,
923 3210 1080 3284 magnes
1102 3211 1177 3285 quo
1201 3185 1252 3258 iu-

210 3314 427 3389 strumenta,
451 3324 524 3398 quo
551 3311 666 3390 motu,
690 3301 845 3374 attrahit
860 3299 920 3375 vel
944 3300 1065 3396 abigit
1091 3297 1252 3375 ferrum?

211 3413 313 3490 Quid
340 3414 442 3487 illum
472 3412 520 3487 ad
546 3412 788 3486 meridianum
805 3414 979 3510 applicat,
996 3414 1037 3486 in
1054 3413 1253 3488 meridiano

210 3526 390 3601 inclinat?
444 3526 537 3600 Quis
563 3536 696 3617 motor,
718 3551 792 3623 quo
814 3537 930 3619 motu,
956 3550 1094 3623 aquam
1120 3552 1143 3601 e
1168 3525 1254 3601 muri

211 3651 250 3714 et
265 3640 478 3713 fluminibus
496 3640 535 3712 in
551 3641 667 3714 nubes
684 3640 871 3733 transfert,
889 3651 955 3716 aut
970 3664 993 3713 e
1009 3640 1198 3714 radicibus
1218 3639 1254 3711 in

211 3753 385 3825 arborum
402 3752 658 3826 summitates?
711 3751 785 3826 Ubi
810 3763 897 3826 sunt
923 3753 1121 3850 pulmones
1133 3762 1255 3828 vento·

211 3863 319 3938 rum?
372 3865 465 3939 Quis
491 3876 626 3956 motor,
644 3889 716 3963 quo
744 3878 860 3958 motu,
881 3868 1010 3941 oceani
1033 3877 1149 3942 aestus
1172 3864 1256 3941 facit

213 3989 252 4052 et
285 3990 441 4052 aestuum
471 3978 694 4053 varietates?
747 3978 841 4062 Quae
874 4003 1074 4077 corporum
1103 3981 1256 4055 varietas

212 4092 430 4166 varietatem
456 4092 567 4167 efficit
589 4092 745 4166 odorum
769 4106 809 4166 et
830 4094 1030 4192 saporum?
1083 4095 1256 4192 Liquores

213 4205 332 4303 quiin
350 4205 456 4279 oculo
484 4205 582 4279 idem
609 4206 784 4297 efficiunt,
810 4208 931 4281 curin
949 4206 1096 4281 coeteris
1113 4206 1257 4304 organis

214 4316 461 4392 diversissima
473 4319 695 4414 operantur?
722 4319 862 4393 Lumen
880 4319 1067 4417 quidest?
1093 4321 1257 4419 Aquoet

213 4453 287 4525 quo
305 4445 406 4505 motu
420 4445 632 4530 generatur,
650 4430 846 4527 frangitur,
863 4444 900 4506 et
913 4433 1105 4506 flectitur?
1150 4435 1255 4508 Phar·

213 4566 319 4618 maca
342 4570 414 4642 quo
441 4555 544 4621 motu
574 4546 803 4644 operantur?
856 4548 941 4624 Qum
957 4547 1134 4647 Gorgone
1150 4549 1255 4647 ligna,
