2618 5092
216 672 289 752 272
534 690 590 743 nn
609 688 782 745 unauna
800 686 938 743 annis.

217 878 293 928 uua
316 879 401 928 cum
423 878 585 952 appenso
604 854 769 953 pondere
785 853 987 930 ascendere
1002 874 1120 951 usque
1133 848 1175 925 ud
1188 872 1232 947 cy·

215 967 328 1041 lindri
345 970 606 1042 summitatem.
631 969 715 1042 Jam
732 968 764 1041 si
780 968 883 1042 locus
899 990 923 1041 a
938 978 1102 1041 retracto
1114 974 1232 1039 auctore
1258 1021 1263 1029 .

214 1081 366 1155 relictus
378 1105 515 1155 vacuus
531 1094 624 1171 erat,
642 1082 827 1179 quomodo
842 1104 1001 1155 vacuum
1017 1078 1123 1167 illud,
1136 1076 1232 1167 idest,

215 1193 307 1266 illud
333 1194 437 1283 nihil,
463 1193 609 1290 pondus
640 1194 791 1267 omnino
818 1192 968 1267 trahere
993 1188 1146 1289 potuit?
1185 1188 1234 1263 Sin

215 1307 318 1380 locus
331 1306 393 1379 ille
404 1329 488 1379 aere
501 1318 581 1379 erat
593 1307 736 1402 plenus,
749 1306 884 1404 quibus
895 1304 1050 1379 funibus
1062 1302 1233 1389 attrahere,

215 1419 348 1515 quibus
371 1420 475 1493 uncis
498 1442 673 1516 prensare
698 1420 820 1516 potuit
844 1418 1060 1493 suctorem?
1111 1418 1235 1493 Quanta

215 1531 271 1605 vis
289 1531 352 1605 illa
375 1532 525 1606 elastica
552 1532 647 1606 aeris
675 1533 820 1606 externi
850 1542 943 1620 erat,
968 1554 1044 1629 qua
1067 1531 1234 1628 plusquam

216 1659 363 1718 centum
379 1646 556 1719 librarum
571 1645 716 1742 pondus
731 1669 878 1719 rursum
894 1646 935 1719 in
960 1643 1130 1742 cylindro
1143 1664 1233 1727 aneo,

214 1776 254 1836 et
270 1763 408 1836 suctori
424 1787 492 1859 per
508 1763 633 1836 omnia
649 1776 790 1860 puncta
807 1764 996 1860 contiguo,
1014 1774 1181 1837 coactum
1194 1770 1235 1833 est

214 1876 441 1951 ascenderet
501 1878 656 1951 Haerent
683 1877 745 1951 hic
771 1878 901 1951 nostri.
953 1875 1153 1951 Quomodo
1174 1874 1235 1947 noc

215 1988 387 2086 expedies
404 1988 471 2062 tu?

266 2102 316 2176 A.
342 2102 523 2200 Expedivi
540 2114 638 2178 ante.
690 2102 767 2177 Aer
782 2104 880 2177 enim
894 2126 918 2177 a
930 2102 1154 2177 retractione
1174 2122 1236 2175 sue»

215 2217 307 2290 toris
324 2229 424 2290 retro
440 2216 577 2312 pulsus
596 2240 665 2290 nec
690 2216 813 2291 locum
840 2217 880 2290 in
896 2217 1038 2291 mundo
1054 2217 1113 2308 (ut
1128 2236 1237 2313 suppo

214 2331 337 2402 nimus
360 2330 483 2425 pleno)
501 2354 574 2425 quo
600 2353 638 2402 se
666 2330 822 2425 recipiat
839 2328 1044 2419 inveniens,
1063 2329 1134 2402 nisi
1151 2350 1237 2425 quem

215 2444 305 2539 ipse,
324 2466 479 2539 corpora
497 2443 671 2537 contigua
688 2444 762 2515 suis
780 2443 869 2515 locis
891 2442 1045 2538 pellens,
1064 2443 1133 2515 sibi
1161 2443 1238 2514 face-

214 2569 284 2644 ret,
303 2570 482 2652 perpetuo
498 2557 664 2652 pulsione
681 2557 719 2629 in
734 2556 939 2652 cylindrum
951 2556 1103 2629 taudem
1117 2556 1239 2651 cogitur

215 2681 320 2742 tanta
332 2669 526 2740 velocitate
545 2670 644 2741 inter
660 2668 817 2765 cylindri
831 2693 1030 2742 concavam
1044 2682 1083 2743 et
1105 2667 1240 2742 suctoris

215 2805 416 2855 convexam
427 2783 670 2878 superficiem,
685 2795 824 2877 quanta
835 2781 1059 2878 respondere
1072 2783 1164 2855 solet
1172 2781 1241 2854 viri-

214 2895 284 2967 bus
317 2895 388 2967 illis
422 2897 564 2990 magnis
599 2920 689 2991 quas
723 2896 771 2968 ad
796 2910 980 2968 suctorem
1011 2895 1242 2970 revellendum

215 3009 439 3081 necessarias
453 3010 594 3104 experti
612 3010 711 3082 estis,
762 3011 837 3081 Aer
854 3019 977 3081 autem
996 3008 1059 3082 ille
1077 3034 1150 3104 qua
1162 3008 1243 3080 velo

214 3123 327 3194 citate
344 3122 561 3216 ingreditur,
580 3122 733 3194 eandem
756 3122 942 3217 ingressus
968 3122 1119 3206 retinet,
1137 3120 1244 3195 simul-

216 3259 287 3332 que
304 3236 420 3309 latera
437 3235 592 3331 cylindri
616 3236 720 3325 aenei,
738 3235 775 3307 vi
800 3234 952 3308 elastica
974 3235 1137 3330 praediti,
1154 3234 1246 3309 undi-

215 3373 359 3445 quaque
390 3349 552 3421 distinet.
605 3347 771 3420 Conatur
800 3371 889 3443 ergo
920 3371 995 3436 aer,
1024 3349 1065 3421 in
1093 3348 1246 3446 cylindro

214 3461 451 3535 vehementer
468 3473 603 3551 motuS,
617 3474 747 3534 contra
761 3485 888 3534 omnes
911 3475 1036 3557 partes
1054 3460 1248 3559 superficiei

215 3575 372 3670 cylindri
386 3600 577 3648 concavae:
595 3575 731 3647 frustra
742 3575 890 3670 quidem
901 3575 989 3647 dum
1003 3590 1133 3650 suctor
1146 3588 1249 3649 retra·

215 3688 346 3777 hitur3
372 3689 437 3761 sed
468 3714 578 3785 quam
613 3689 772 3783 primum
807 3702 933 3762 suctor
965 3713 1080 3763 mauu
1111 3692 1250 3764 emissus

214 3824 337 3873 aerem
354 3803 541 3898 impellere
571 3815 702 3890 cessat,
716 3827 780 3875 aer
806 3803 868 3876 ille
894 3804 1067 3898 quiante
1096 3806 1250 3877 incussus

214 3928 307 4003 erat,
321 3927 473 4011 propter
489 3928 662 3988 conatum
681 3915 720 3987 iu
738 3939 846 3988 omne
860 3930 1040 4012 puuctum
1055 3913 1251 4013 superficiei

215 4027 371 4123 cylindri
382 4028 537 4101 interuae
554 4040 593 4100 et
609 4029 684 4101 vim
697 4029 780 4101 aeris
798 4028 986 4101 clasticam
1001 4029 1203 4103 insinuabit
1217 4050 1250 4100 se

214 4141 312 4213 iuter
330 4142 477 4214 easdem
495 4142 704 4238 superficies
722 4142 850 4214 eadem
868 4142 1067 4216 velocitate
1096 4168 1170 4240 qua
1193 4144 1252 4214 im·

214 4254 340 4349 pulsus
357 4254 489 4344 fuerat,
514 4255 554 4327 id
574 4268 643 4343 est,
661 4278 705 4327 ea
722 4254 916 4327 velocitate
946 4279 1030 4351 quae
1064 4254 1252 4354 respondet

214 4368 352 4442 viribus
386 4369 624 4465 impulsionis.
683 4369 722 4442 Si
757 4392 846 4465 ergo
876 4379 981 4441 tanta
1008 4370 1185 4465 ponderis
1204 4368 1250 4439 iis

215 4484 354 4554 auctori
372 4482 603 4578 appendatur
628 4493 767 4576 quanta
797 4505 972 4553 manuum
999 4484 1057 4555 vis
1089 4497 1169 4558 crat
1190 4504 1251 4579 qna

215 4594 484 4688 impellebatur,
496 4595 671 4689 velocitas
685 4619 758 4692 qua
774 4594 872 4668 idem
883 4617 946 4667 aer
956 4620 978 4668 e
989 4595 1161 4692 cylindro
1174 4594 1248 4678 exit,
