2618 5092
230 651 304 717 368
456 665 511 717 DE
530 664 836 719 usuntrnnlrtn
856 662 1050 719 crucum.

36 857 122 898 mon
135 858 188 900 vu.
282 831 421 906 coroa.
474 831 573 908 Quia
595 856 685 929 ergo
711 843 816 907 recta
831 830 900 931 gd
919 843 961 906 ct
986 853 1102 905 mons
1118 829 1180 904 BP
1193 841 1264 905 runt

228 947 399 1043 aequales,
413 957 523 1020 erunt
529 944 605 1043 gd,
618 944 696 1033 ΟΡ,
703 944 772 1019 ΒΟ
781 945 961 1020 continue
971 944 1263 1043 proportionales.

42 927 186 964 »πω

569 1165 820 1221 Pnonosl‘rlo
838 1166 935 1219 VIII.

280 1286 334 1360 Ut
360 1283 486 1358 radius
514 1283 577 1358 BC
604 1281 652 1357 ad
678 1284 868 1357 semissem
894 1306 1007 1357 arcus
1032 1282 1116 1374 BD,
1147 1283 1197 1357 iu
1217 1292 1263 1357 ert

229 1399 290 1473 DS
313 1397 373 1471 vel
400 1396 466 1469 RO
495 1396 543 1469 ad
569 1396 806 1471 semiradium
829 1394 895 1471 GI.
948 1396 1048 1471 Cum
1073 1396 1173 1471 enim
1196 1396 1263 1485 ΒΟ,

230 1509 308 1599 ΑΒ,
327 1509 402 1583 ΒΜ
429 1509 522 1599 (sive
543 1533 651 1583 arcus
674 1510 771 1604 BD),
799 1519 887 1583 sunt
916 1510 1097 1583 continue
1127 1531 1262 1607 propor-

229 1622 398 1712 tionales,
420 1623 491 1697 erit
519 1636 563 1697 ut
590 1622 655 1696 AB
681 1623 729 1697 ad
756 1623 946 1697 semissem
965 1622 1042 1698 ΒΜ
1065 1622 1122 1717 (id
1145 1634 1209 1711 est,
1223 1620 1261 1697 ud

229 1760 356 1811 arcum
375 1736 466 1832 ΒΡ),
484 1736 538 1810 ita
555 1735 624 1810 Ro
641 1736 689 1810 ad
705 1735 757 1810 GI
775 1734 966 1809 semissem
983 1734 1113 1811 lateris
1128 1735 1200 1810 ΒΟ.

590 1957 845 2011 ΡΒΟΡΟΒῙΤΙΟ
864 1958 925 2011 lx.

280 2076 398 2149 Recta
415 2077 485 2148 ΑΕ
499 2075 650 2171 aequalis
667 2086 723 2149 est
746 2074 850 2149 arcui
867 2074 1089 2171 quadrantis
1106 2072 1260 2171 descripti

230 2188 335 2262 radio
353 2189 404 2262 ΑΙ
423 2188 481 2261 vel
498 2188 582 2262 ΑΟ.

281 2302 374 2375 Cum
392 2301 490 2374 enim
509 2324 617 2374 arcus
644 2299 859 2397 quadrantis
887 2300 1069 2398 descripti
1094 2299 1197 2375 radio
1212 2298 1258 2372 Ds

229 2415 287 2487 vel
302 2415 369 2488 ΒΟ
384 2414 533 2509 aequalis
552 2414 599 2487 sit
616 2414 722 2486 lateri
737 2414 815 2501 AB,
827 2425 867 2486 et
881 2413 946 2486 Rn
964 2415 1014 2487 sit
1032 2414 1185 2487 dimidia
1197 2412 1258 2497 Ro,

229 2552 337 2601 arcus
367 2528 583 2623 quadrantis
613 2526 788 2622 descripti
818 2528 865 2599 ab
890 2528 955 2600 Ru
970 2527 1030 2600 vel
1059 2529 1106 2600 ab
1129 2528 1190 2600 no
1206 2526 1258 2598 erit

229 2641 379 2737 aequalis
403 2641 600 2715 semiradio
631 2642 711 2714 BE.
765 2641 890 2716 Quare
920 2665 1030 2714 arcus
1066 2639 1258 2738 quadrantis

231 2754 435 2849 descriptus
463 2780 486 2827 a
516 2756 692 2828 subtensa
722 2755 782 2826 An
816 2754 967 2851 aeqnalis
993 2754 1067 2828 erit
1097 2756 1258 2828 subtensae

230 2868 386 2940 duarum
412 2881 596 2941 rectarum
613 2868 693 2955 AB,
715 2867 789 2955 BE,
806 2866 845 2939 id
863 2878 931 2955 est,
949 2880 1064 2941 rectae
1081 2868 1159 2940 ΑΒ.
1206 2865 1258 2938 Os

229 2991 375 3053 tensum
406 2994 529 3053 autem
561 2991 617 3052 est
644 2980 744 3075 qnod
771 2980 848 3065 ΑΕ,
877 2979 953 3052 sive
980 2980 1130 3053 Adest
1159 2977 1260 3052 media

230 3093 515 3189 proportionalis
543 3093 640 3166 inter
662 3117 790 3165 arcum
808 3092 874 3166 BD
892 3105 931 3166 et
948 3093 1065 3189 ipsius
1093 3094 1259 3168 semissen

233 3207 312 3285 BP:
340 3220 378 3279 et
396 3207 631 3280 manifestum
650 3220 705 3280 est
722 3230 849 3280 arcum
867 3206 1088 3302 quadrantis
1104 3201 1259 3300 descripti

230 3320 276 3392 ab
295 3320 368 3395 ΑΟ
384 3319 441 3392 vel
464 3319 516 3392 Al
548 3318 710 3392 medium
738 3342 817 3392 esse
842 3318 1158 3413 proportionalem
1181 3320 1259 3391 inter

230 3432 378 3504 eosdem
408 3455 515 3504 arcus
541 3431 606 3503 BD
625 3443 663 3504 et
687 3431 758 3519 BP,
777 3455 862 3503 cum
887 3430 967 3526 ipsa
985 3432 1060 3507 ΑΟ
1083 3434 1133 3506 sit
1158 3428 1259 3503 media

230 3544 518 3639 proportionalis
536 3545 633 3617 inter
650 3544 717 3616 AB
735 3555 773 3616 ct
793 3543 880 3616 AG:
906 3543 1076 3638 sequitur
1092 3568 1180 3640 ergo
1195 3565 1259 3615 reo

232 3671 308 3729 tam
326 3659 402 3742 ΑΕ,
422 3669 459 3730 et
484 3681 612 3729 arcum
636 3656 851 3752 quadrantis
879 3656 1058 3752 descripti
1086 3658 1189 3733 radio
1204 3654 1262 3730 ΑΟ

231 3770 287 3843 vel
304 3770 369 3859 AI,
388 3794 467 3842 esse
486 3771 638 3843 interae
657 3768 827 3865 aequales.

597 3993 849 4046 Pnonosl'rlo
869 3994 909 4045 X.

280 4111 395 4183 Recta
413 4110 479 4183 CO
498 4110 648 4205 aequalis
665 4123 723 4183 est
740 4111 925 4184 subtensae
943 4135 1053 4185 arcus
1071 4112 1153 4185 ΒΚ.

280 4225 447 4297 Ducatur
473 4225 648 4296 subtensa
672 4224 752 4312 ΒΚ,
771 4237 808 4296 et
826 4222 1056 4319 producatur
1076 4224 1262 4299 indefinite.

230 4339 349 4409 Erunt
381 4360 470 4431 ergo
502 4348 641 4432 puncta
667 4336 700 4409 Ο
729 4337 818 4409 etV
839 4337 878 4409 in
910 4337 1041 4411 eadem
1069 4350 1171 4413 recta
1196 4335 1262 4410 ΒΟ.

229 4449 470 4545 Triangulum
498 4460 622 4521 autem
641 4449 741 4522 OKV
763 4462 820 4522 est
843 4450 1128 4545 aequilaterum;
1153 4465 1190 4525 et
1204 4445 1262 4522 Al<

230 4564 368 4637 secabit
399 4576 538 4637 rectam
563 4563 623 4635 Bk
640 4563 810 4637 bifariam
835 4576 875 4637 et
899 4564 949 4637 ad
975 4566 1132 4663 angulos
1158 4574 1262 4639 rectos
