<?xml version="1.0" encoding="UTF-8"?>
<!DOCTYPE html PUBLIC "-//W3C//DTD XHTML 1.0 Transitional//EN"
    "http://www.w3.org/TR/xhtml1/DTD/xhtml1-transitional.dtd">
<html xmlns="http://www.w3.org/1999/xhtml" xml:lang="en" lang="en">
 <head>
  <title>
</title>
<meta http-equiv="Content-Type" content="text/html;charset=utf-8" />
  <meta name='ocr-system' content='tesseract 3.04.00' />
  <meta name='ocr-capabilities' content='ocr_page ocr_carea ocr_par ocr_line ocrx_word'/>
</head>
<body>
  <div class='ocr_page' id='page_1' title='image "./thomhobbesmalme03hobbgoog_0264.png"; bbox 0 0 2618 5092; ppageno 0'>
   <div class='ocr_carea' id='block_1_1' title="bbox 380 116 1101 180">
    <p class='ocr_par' dir='ltr' id='par_1_1' title="bbox 380 116 1101 180">
     <span class='ocr_line' id='line_1_1' title="bbox 380 116 1101 180; baseline 0 -2"><span class='ocrx_word' id='word_1_1' title='bbox 380 127 432 178; x_wconf 77' lang='lat' dir='ltr'>DE</span> <span class='ocrx_word' id='word_1_2' title='bbox 452 128 621 180; x_wconf 82' lang='lat' dir='ltr'>NATURA</span> <span class='ocrx_word' id='word_1_3' title='bbox 642 128 776 178; x_wconf 82' lang='lat' dir='ltr'>AERIS.</span> <span class='ocrx_word' id='word_1_4' title='bbox 1029 116 1101 179; x_wconf 77' lang='grc'>249</span> 
     </span>
    </p>
   </div>
   <div class='ocr_carea' id='block_1_2' title="bbox 69 294 1102 728">
    <p class='ocr_par' dir='ltr' id='par_1_2' title="bbox 72 294 1100 502">
     <span class='ocr_line' id='line_1_2' title="bbox 74 294 1100 391; baseline 0.001 -24"><span class='ocrx_word' id='word_1_5' title='bbox 74 318 178 381; x_wconf 87' lang='lat' dir='ltr'>causa,</span> <span class='ocrx_word' id='word_1_6' title='bbox 193 317 312 391; x_wconf 90' lang='lat' dir='ltr'>qnare</span> <span class='ocrx_word' id='word_1_7' title='bbox 329 294 432 366; x_wconf 92' lang='lat' dir='ltr'>filum</span> <span class='ocrx_word' id='word_1_8' title='bbox 455 295 602 368; x_wconf 87' lang='lat' dir='ltr'>laneum</span> <span class='ocrx_word' id='word_1_9' title='bbox 619 308 705 390; x_wconf 91' lang='lat' dir='ltr'>post</span> <span class='ocrx_word' id='word_1_10' title='bbox 728 295 1034 390; x_wconf 84' lang='lat' dir='ltr'>compressionem</span> <span class='ocrx_word' id='word_1_11' title='bbox 1062 320 1100 368; x_wconf 94' lang='lat' dir='ltr'>se</span> 
     </span>
     <span class='ocr_line' id='line_1_3' title="bbox 72 406 530 502; baseline 0.002 -23"><span class='ocrx_word' id='word_1_12' title='bbox 72 406 238 494; x_wconf 81' lang='lat' dir='ltr'>extendit,</span> <span class='ocrx_word' id='word_1_13' title='bbox 259 430 429 502; x_wconf 84' lang='lat' dir='ltr'>quaenam</span> <span class='ocrx_word' id='word_1_14' title='bbox 446 419 502 480; x_wconf 91' lang='lat' dir='ltr'>est</span> <span class='ocrx_word' id='word_1_15' title='bbox 518 407 530 479; x_wconf 75' lang='lat' dir='ltr'>l</span> 
     </span>
    </p>

    <p class='ocr_par' dir='ltr' id='par_1_3' title="bbox 69 518 1102 728">
     <span class='ocr_line' id='line_1_4' title="bbox 111 518 1102 615; baseline -0.002 -21"><span class='ocrx_word' id='word_1_16' title='bbox 111 521 158 593; x_wconf 90' lang='lat' dir='ltr'>B.</span> <span class='ocrx_word' id='word_1_17' title='bbox 186 522 410 615; x_wconf 76' lang='lat' dir='ltr'>Quanquam</span> <span class='ocrx_word' id='word_1_18' title='bbox 440 544 589 593; x_wconf 90' lang='lat' dir='ltr'>causam</span> <span class='ocrx_word' id='word_1_19' title='bbox 618 518 686 592; x_wconf 92' lang='lat' dir='ltr'>tibi</span> <span class='ocrx_word' id='word_1_20' title='bbox 712 543 836 592; x_wconf 89' lang='lat' dir='ltr'>veram</span> <span class='ocrx_word' id='word_1_21' title='bbox 864 519 1036 609; x_wconf 87' lang='lat' dir='ltr'>dicerem,</span> <span class='ocrx_word' id='word_1_22' title='bbox 1060 530 1102 592; x_wconf 90' lang='lat' dir='ltr'>tu</span> 
     </span>
     <span class='ocr_line' id='line_1_5' title="bbox 69 624 1101 728; baseline -0.002 -22"><span class='ocrx_word' id='word_1_23' title='bbox 69 643 183 706; x_wconf 89' lang='lat' dir='ltr'>tamen</span> <span class='ocrx_word' id='word_1_24' title='bbox 206 632 357 705; x_wconf 88' lang='lat' dir='ltr'>veritati</span> <span class='ocrx_word' id='word_1_25' title='bbox 386 656 460 705; x_wconf 93' lang='lat' dir='ltr'>non</span> <span class='ocrx_word' id='word_1_26' title='bbox 485 633 749 728; x_wconf 84' lang='lat' dir='ltr'>acquiesceres,</span> <span class='ocrx_word' id='word_1_27' title='bbox 768 632 833 706; x_wconf 92' lang='lat' dir='ltr'>sed</span> <span class='ocrx_word' id='word_1_28' title='bbox 860 624 1015 706; x_wconf 89' lang='lat' dir='ltr'>ulterius</span> <span class='ocrx_word' id='word_1_29' title='bbox 1042 657 1101 705; x_wconf 93' lang='lat' dir='ltr'>me</span> 
     </span>
    </p>
   </div>
   <div class='ocr_carea' id='block_1_3' title="bbox 56 744 1103 4129">
    <p class='ocr_par' dir='ltr' id='par_1_4' title="bbox 67 744 1102 932">
     <span class='ocr_line' id='line_1_6' title="bbox 67 744 1102 841; baseline 0.002 -25"><span class='ocrx_word' id='word_1_30' title='bbox 67 745 307 840; x_wconf 81' lang='lat' dir='ltr'>interrogabis</span> <span class='ocrx_word' id='word_1_31' title='bbox 324 769 491 840; x_wconf 86' lang='lat' dir='ltr'>quaenam</span> <span class='ocrx_word' id='word_1_32' title='bbox 508 746 618 841; x_wconf 91' lang='lat' dir='ltr'>hujus</span> <span class='ocrx_word' id='word_1_33' title='bbox 636 746 684 819; x_wconf 91' lang='lat' dir='ltr'>sit</span> <span class='ocrx_word' id='word_1_34' title='bbox 701 770 821 820; x_wconf 88' lang='lat' dir='ltr'>causae</span> <span class='ocrx_word' id='word_1_35' title='bbox 845 769 977 830; x_wconf 92' lang='lat' dir='ltr'>causa;</span> <span class='ocrx_word' id='word_1_36' title='bbox 1003 744 1102 818; x_wconf 92' lang='lat' dir='ltr'>unde</span> 
     </span>
     <span class='ocr_line' id='line_1_7' title="bbox 67 858 445 932; baseline 0.005 -2"><span class='ocrx_word' id='word_1_37' title='bbox 67 858 173 932; x_wconf 86' lang='lat' dir='ltr'>ibitur</span> <span class='ocrx_word' id='word_1_38' title='bbox 190 859 230 931; x_wconf 92' lang='lat' dir='ltr'>in</span> <span class='ocrx_word' id='word_1_39' title='bbox 248 858 445 932; x_wconf 91' lang='lat' dir='ltr'>infinitum.</span> 
     </span>
    </p>

    <p class='ocr_par' dir='ltr' id='par_1_5' title="bbox 64 968 1103 1522">
     <span class='ocr_line' id='line_1_8' title="bbox 110 968 1103 1046; baseline 0.004 -5"><span class='ocrx_word' id='word_1_40' title='bbox 110 968 157 1046; x_wconf 87' lang='lat' dir='ltr'>A.</span> <span class='ocrx_word' id='word_1_41' title='bbox 183 972 341 1045; x_wconf 90' lang='lat' dir='ltr'>Minime</span> <span class='ocrx_word' id='word_1_42' title='bbox 358 996 457 1046; x_wconf 89' lang='lat' dir='ltr'>vero.</span> <span class='ocrx_word' id='word_1_43' title='bbox 509 972 605 1045; x_wconf 87' lang='lat' dir='ltr'>Nam</span> <span class='ocrx_word' id='word_1_44' title='bbox 635 972 699 1044; x_wconf 94' lang='lat' dir='ltr'>ubi</span> <span class='ocrx_word' id='word_1_45' title='bbox 724 972 772 1045; x_wconf 91' lang='lat' dir='ltr'>ad</span> <span class='ocrx_word' id='word_1_46' title='bbox 795 996 940 1046; x_wconf 86' lang='lat' dir='ltr'>causam</span> <span class='ocrx_word' id='word_1_47' title='bbox 958 973 1103 1045; x_wconf 85' lang='lat' dir='ltr'>veneris</span> 
     </span>
     <span class='ocr_line' id='line_1_9' title="bbox 65 1084 1102 1181; baseline 0.001 -24"><span class='ocrx_word' id='word_1_48' title='bbox 65 1084 222 1181; x_wconf 86' lang='lat' dir='ltr'>aliquam</span> <span class='ocrx_word' id='word_1_49' title='bbox 241 1095 429 1174; x_wconf 89' lang='lat' dir='ltr'>aetemam,</span> <span class='ocrx_word' id='word_1_50' title='bbox 450 1085 502 1157; x_wconf 93' lang='lat' dir='ltr'>ibi</span> <span class='ocrx_word' id='word_1_51' title='bbox 520 1099 557 1158; x_wconf 88' lang='lat' dir='ltr'>te</span> <span class='ocrx_word' id='word_1_52' title='bbox 575 1085 803 1181; x_wconf 84' lang='lat' dir='ltr'>interrogare</span> <span class='ocrx_word' id='word_1_53' title='bbox 818 1085 997 1158; x_wconf 83' lang='lat' dir='ltr'>desinam.</span> <span class='ocrx_word' id='word_1_54' title='bbox 1033 1086 1102 1158; x_wconf 93' lang='lat' dir='ltr'>Dic</span> 
     </span>
     <span class='ocr_line' id='line_1_10' title="bbox 65 1197 1102 1296; baseline 0.001 -27"><span class='ocrx_word' id='word_1_55' title='bbox 65 1197 540 1294; x_wconf 84' lang='lat' dir='ltr'>ergo,pa1ticularum,quae</span> <span class='ocrx_word' id='word_1_56' title='bbox 555 1198 785 1271; x_wconf 91' lang='lat' dir='ltr'>constituunt</span> <span class='ocrx_word' id='word_1_57' title='bbox 797 1210 967 1272; x_wconf 88' lang='lat' dir='ltr'>naturam</span> <span class='ocrx_word' id='word_1_58' title='bbox 978 1198 1102 1296; x_wconf 88' lang='lat' dir='ltr'>chaly-</span> 
     </span>
     <span class='ocr_line' id='line_1_11' title="bbox 64 1309 1102 1408; baseline 0.003 -26"><span class='ocrx_word' id='word_1_59' title='bbox 64 1309 179 1400; x_wconf 91' lang='lat' dir='ltr'>beam,</span> <span class='ocrx_word' id='word_1_60' title='bbox 197 1309 257 1383; x_wconf 89' lang='lat' dir='ltr'>vel</span> <span class='ocrx_word' id='word_1_61' title='bbox 272 1310 428 1398; x_wconf 88' lang='lat' dir='ltr'>laneam,</span> <span class='ocrx_word' id='word_1_62' title='bbox 444 1312 503 1385; x_wconf 82' lang='lat' dir='ltr'>vel</span> <span class='ocrx_word' id='word_1_63' title='bbox 530 1335 687 1401; x_wconf 87' lang='lat' dir='ltr'>aeream,</span> <span class='ocrx_word' id='word_1_64' title='bbox 701 1322 842 1386; x_wconf 89' lang='lat' dir='ltr'>motum</span> <span class='ocrx_word' id='word_1_65' title='bbox 872 1312 975 1385; x_wconf 90' lang='lat' dir='ltr'>illum</span> <span class='ocrx_word' id='word_1_66' title='bbox 1004 1336 1102 1408; x_wconf 87' lang='lat' dir='ltr'>quae-</span> 
     </span>
     <span class='ocr_line' id='line_1_12' title="bbox 65 1424 594 1522; baseline 0.002 -26"><span class='ocrx_word' id='word_1_67' title='bbox 65 1446 148 1497; x_wconf 91' lang='lat' dir='ltr'>nam</span> <span class='ocrx_word' id='word_1_68' title='bbox 161 1447 274 1497; x_wconf 87' lang='lat' dir='ltr'>causa</span> <span class='ocrx_word' id='word_1_69' title='bbox 287 1424 430 1498; x_wconf 89' lang='lat' dir='ltr'>efficere</span> <span class='ocrx_word' id='word_1_70' title='bbox 446 1425 594 1522; x_wconf 80' lang='lat' dir='ltr'>potest?</span> 
     </span>
    </p>

    <p class='ocr_par' dir='ltr' id='par_1_6' title="bbox 63 1536 1101 2084">
     <span class='ocr_line' id='line_1_13' title="bbox 111 1536 1101 1635; baseline 0.001 -26"><span class='ocrx_word' id='word_1_71' title='bbox 111 1536 161 1610; x_wconf 92' lang='lat' dir='ltr'>B.</span> <span class='ocrx_word' id='word_1_72' title='bbox 189 1536 410 1633; x_wconf 83' lang='lat' dir='ltr'>Respondeo</span> <span class='ocrx_word' id='word_1_73' title='bbox 433 1538 513 1627; x_wconf 92' lang='lat' dir='ltr'>tihi,</span> <span class='ocrx_word' id='word_1_74' title='bbox 536 1537 798 1635; x_wconf 85' lang='lat' dir='ltr'>particularum</span> <span class='ocrx_word' id='word_1_75' title='bbox 823 1538 968 1612; x_wconf 90' lang='lat' dir='ltr'>illarum</span> <span class='ocrx_word' id='word_1_76' title='bbox 994 1539 1101 1627; x_wconf 87' lang='lat' dir='ltr'>aeris,</span> 
     </span>
     <span class='ocr_line' id='line_1_14' title="bbox 65 1649 1101 1748; baseline 0.003 -26"><span class='ocrx_word' id='word_1_77' title='bbox 65 1672 151 1744; x_wconf 89' lang='lat' dir='ltr'>quas</span> <span class='ocrx_word' id='word_1_78' title='bbox 161 1649 235 1724; x_wconf 87' lang='lat' dir='ltr'>filis</span> <span class='ocrx_word' id='word_1_79' title='bbox 247 1649 364 1722; x_wconf 90' lang='lat' dir='ltr'>laneis</span> <span class='ocrx_word' id='word_1_80' title='bbox 375 1651 596 1748; x_wconf 84' lang='lat' dir='ltr'>comparavi,</span> <span class='ocrx_word' id='word_1_81' title='bbox 606 1651 797 1746; x_wconf 85' lang='lat' dir='ltr'>particulae</span> <span class='ocrx_word' id='word_1_82' title='bbox 808 1652 928 1725; x_wconf 89' lang='lat' dir='ltr'>adhuc</span> <span class='ocrx_word' id='word_1_83' title='bbox 941 1652 1101 1725; x_wconf 89' lang='lat' dir='ltr'>minores</span> 
     </span>
     <span class='ocr_line' id='line_1_15' title="bbox 64 1763 1101 1860; baseline 0.001 -25"><span class='ocrx_word' id='word_1_84' title='bbox 64 1774 200 1837; x_wconf 93' lang='lat' dir='ltr'>motum</span> <span class='ocrx_word' id='word_1_85' title='bbox 217 1763 321 1836; x_wconf 89' lang='lat' dir='ltr'>illum</span> <span class='ocrx_word' id='word_1_86' title='bbox 332 1763 575 1837; x_wconf 86' lang='lat' dir='ltr'>restitutionis</span> <span class='ocrx_word' id='word_1_87' title='bbox 588 1764 750 1838; x_wconf 90' lang='lat' dir='ltr'>efficiunt</span> <span class='ocrx_word' id='word_1_88' title='bbox 763 1788 829 1860; x_wconf 93' lang='lat' dir='ltr'>per</span> <span class='ocrx_word' id='word_1_89' title='bbox 840 1775 979 1838; x_wconf 92' lang='lat' dir='ltr'>motum</span> <span class='ocrx_word' id='word_1_90' title='bbox 994 1788 1101 1837; x_wconf 91' lang='lat' dir='ltr'>suum</span> 
     </span>
     <span class='ocr_line' id='line_1_16' title="bbox 64 1876 1101 1974; baseline 0.001 -26"><span class='ocrx_word' id='word_1_91' title='bbox 64 1877 252 1973; x_wconf 89' lang='lat' dir='ltr'>proprium</span> <span class='ocrx_word' id='word_1_92' title='bbox 268 1877 473 1950; x_wconf 84' lang='lat' dir='ltr'>naturalem</span> <span class='ocrx_word' id='word_1_93' title='bbox 498 1876 688 1950; x_wconf 89' lang='lat' dir='ltr'>reditionis</span> <span class='ocrx_word' id='word_1_94' title='bbox 706 1877 744 1950; x_wconf 92' lang='lat' dir='ltr'>in</span> <span class='ocrx_word' id='word_1_95' title='bbox 768 1901 818 1966; x_wconf 93' lang='lat' dir='ltr'>se,</span> <span class='ocrx_word' id='word_1_96' title='bbox 844 1878 949 1974; x_wconf 89' lang='lat' dir='ltr'>cujus</span> <span class='ocrx_word' id='word_1_97' title='bbox 965 1877 1101 1974; x_wconf 90' lang='lat' dir='ltr'>princi-</span> 
     </span>
     <span class='ocr_line' id='line_1_17' title="bbox 63 1988 409 2084; baseline -0.003 -22"><span class='ocrx_word' id='word_1_98' title='bbox 63 1989 161 2084; x_wconf 90' lang='lat' dir='ltr'>pium</span> <span class='ocrx_word' id='word_1_99' title='bbox 179 2001 239 2063; x_wconf 90' lang='lat' dir='ltr'>est</span> <span class='ocrx_word' id='word_1_100' title='bbox 254 1988 409 2062; x_wconf 89' lang='lat' dir='ltr'>nullum.</span> 
     </span>
    </p>

    <p class='ocr_par' dir='ltr' id='par_1_7' title="bbox 63 2102 1101 2427">
     <span class='ocr_line' id='line_1_18' title="bbox 109 2102 1101 2199; baseline 0.002 -24"><span class='ocrx_word' id='word_1_101' title='bbox 109 2103 159 2178; x_wconf 83' lang='lat' dir='ltr'>A.</span> <span class='ocrx_word' id='word_1_102' title='bbox 187 2102 314 2176; x_wconf 86' lang='lat' dir='ltr'>Partes</span> <span class='ocrx_word' id='word_1_103' title='bbox 332 2126 420 2198; x_wconf 85' lang='lat' dir='ltr'>ergo</span> <span class='ocrx_word' id='word_1_104' title='bbox 439 2102 645 2199; x_wconf 89' lang='lat' dir='ltr'>corpusculi</span> <span class='ocrx_word' id='word_1_105' title='bbox 663 2103 781 2176; x_wconf 91' lang='lat' dir='ltr'>omnis</span> <span class='ocrx_word' id='word_1_106' title='bbox 794 2103 892 2176; x_wconf 92' lang='lat' dir='ltr'>aerei</span> <span class='ocrx_word' id='word_1_107' title='bbox 904 2105 1101 2178; x_wconf 89' lang='lat' dir='ltr'>moveban-</span> 
     </span>
     <span class='ocr_line' id='line_1_19' title="bbox 63 2215 1101 2313; baseline 0.002 -24"><span class='ocrx_word' id='word_1_108' title='bbox 63 2225 121 2289; x_wconf 89' lang='lat' dir='ltr'>tur</span> <span class='ocrx_word' id='word_1_109' title='bbox 149 2216 305 2290; x_wconf 91' lang='lat' dir='ltr'>seorsim</span> <span class='ocrx_word' id='word_1_110' title='bbox 333 2226 438 2289; x_wconf 93' lang='lat' dir='ltr'>motu</span> <span class='ocrx_word' id='word_1_111' title='bbox 463 2215 526 2289; x_wconf 93' lang='lat' dir='ltr'>illo</span> <span class='ocrx_word' id='word_1_112' title='bbox 553 2215 593 2288; x_wconf 92' lang='lat' dir='ltr'>in</span> <span class='ocrx_word' id='word_1_113' title='bbox 624 2239 664 2289; x_wconf 89' lang='lat' dir='ltr'>se</span> <span class='ocrx_word' id='word_1_114' title='bbox 687 2215 876 2306; x_wconf 88' lang='lat' dir='ltr'>redeunte,</span> <span class='ocrx_word' id='word_1_115' title='bbox 901 2228 1101 2313; x_wconf 86' lang='lat' dir='ltr'>antequam</span> 
     </span>
     <span class='ocr_line' id='line_1_20' title="bbox 63 2329 1100 2427; baseline 0 -23"><span class='ocrx_word' id='word_1_116' title='bbox 63 2330 320 2427; x_wconf 89' lang='lat' dir='ltr'>corpusculum</span> <span class='ocrx_word' id='word_1_117' title='bbox 334 2329 426 2403; x_wconf 93' lang='lat' dir='ltr'>illud</span> <span class='ocrx_word' id='word_1_118' title='bbox 440 2352 486 2402; x_wconf 88' lang='lat' dir='ltr'>ex</span> <span class='ocrx_word' id='word_1_119' title='bbox 499 2329 570 2402; x_wconf 92' lang='lat' dir='ltr'>illis</span> <span class='ocrx_word' id='word_1_120' title='bbox 583 2329 787 2404; x_wconf 91' lang='lat' dir='ltr'>minoribns</span> <span class='ocrx_word' id='word_1_121' title='bbox 805 2344 1100 2426; x_wconf 89' lang='lat' dir='ltr'>componeretur.</span> 
     </span>
    </p>

    <p class='ocr_par' dir='ltr' id='par_1_8' title="bbox 107 2441 643 2539">
     <span class='ocr_line' id='line_1_21' title="bbox 107 2441 643 2539; baseline 0.006 -25"><span class='ocrx_word' id='word_1_122' title='bbox 107 2441 155 2515; x_wconf 88' lang='lat' dir='ltr'>B.</span> <span class='ocrx_word' id='word_1_123' title='bbox 185 2443 283 2516; x_wconf 85' lang='lat' dir='ltr'>Fieri</span> <span class='ocrx_word' id='word_1_124' title='bbox 296 2442 404 2516; x_wconf 86' lang='lat' dir='ltr'>aliter</span> <span class='ocrx_word' id='word_1_125' title='bbox 420 2467 493 2516; x_wconf 94' lang='lat' dir='ltr'>non</span> <span class='ocrx_word' id='word_1_126' title='bbox 509 2453 643 2539; x_wconf 88' lang='lat' dir='ltr'>potest.</span> 
     </span>
    </p>

    <p class='ocr_par' dir='ltr' id='par_1_9' title="bbox 109 2554 816 2630">
     <span class='ocr_line' id='line_1_22' title="bbox 109 2554 816 2630; baseline -0.003 -2"><span class='ocrx_word' id='word_1_127' title='bbox 109 2556 159 2630; x_wconf 89' lang='lat' dir='ltr'>A.</span> <span class='ocrx_word' id='word_1_128' title='bbox 187 2555 358 2628; x_wconf 86' lang='lat' dir='ltr'>Etiamne</span> <span class='ocrx_word' id='word_1_129' title='bbox 376 2555 428 2629; x_wconf 92' lang='lat' dir='ltr'>sic</span> <span class='ocrx_word' id='word_1_130' title='bbox 446 2555 610 2629; x_wconf 90' lang='lat' dir='ltr'>sentiunt</span> <span class='ocrx_word' id='word_1_131' title='bbox 626 2555 681 2628; x_wconf 92' lang='lat' dir='ltr'>tui</span> <span class='ocrx_word' id='word_1_132' title='bbox 699 2554 816 2628; x_wconf 84' lang='lat' dir='ltr'>socii?</span> 
     </span>
    </p>

    <p class='ocr_par' dir='ltr' id='par_1_10' title="bbox 110 2667 1037 2754">
     <span class='ocr_line' id='line_1_23' title="bbox 110 2667 1037 2754; baseline -0.003 -12"><span class='ocrx_word' id='word_1_133' title='bbox 110 2669 160 2742; x_wconf 94' lang='lat' dir='ltr'>B.</span> <span class='ocrx_word' id='word_1_134' title='bbox 189 2669 296 2745; x_wconf 91' lang='lat' dir='ltr'>Unus</span> <span class='ocrx_word' id='word_1_135' title='bbox 308 2669 461 2743; x_wconf 82' lang='lat' dir='ltr'>sortasse</span> <span class='ocrx_word' id='word_1_136' title='bbox 479 2682 543 2743; x_wconf 88' lang='lat' dir='ltr'>aut</span> <span class='ocrx_word' id='word_1_137' title='bbox 559 2669 673 2754; x_wconf 90' lang='lat' dir='ltr'>alter;</span> <span class='ocrx_word' id='word_1_138' title='bbox 701 2668 825 2742; x_wconf 87' lang='lat' dir='ltr'>caeteri</span> <span class='ocrx_word' id='word_1_139' title='bbox 842 2691 916 2741; x_wconf 92' lang='lat' dir='ltr'>non</span> <span class='ocrx_word' id='word_1_140' title='bbox 934 2667 1037 2740; x_wconf 93' lang='lat' dir='ltr'>item.</span> 
     </span>
    </p>

    <p class='ocr_par' dir='ltr' id='par_1_11' title="bbox 58 2779 1101 3788">
     <span class='ocr_line' id='line_1_24' title="bbox 108 2779 1101 2856; baseline -0.004 0"><span class='ocrx_word' id='word_1_141' title='bbox 108 2783 160 2856; x_wconf 83' lang='lat' dir='ltr'>A.</span> <span class='ocrx_word' id='word_1_142' title='bbox 188 2781 320 2856; x_wconf 82' lang='lat' dir='ltr'>Credo.</span> <span class='ocrx_word' id='word_1_143' title='bbox 373 2783 470 2855; x_wconf 93' lang='lat' dir='ltr'>Nam</span> <span class='ocrx_word' id='word_1_144' title='bbox 487 2796 609 2856; x_wconf 90' lang='lat' dir='ltr'>motus</span> <span class='ocrx_word' id='word_1_145' title='bbox 626 2782 685 2855; x_wconf 93' lang='lat' dir='ltr'>hic</span> <span class='ocrx_word' id='word_1_146' title='bbox 699 2779 943 2855; x_wconf 91' lang='lat' dir='ltr'>restitutionis</span> <span class='ocrx_word' id='word_1_147' title='bbox 962 2780 1101 2853; x_wconf 93' lang='lat' dir='ltr'>Hobbii</span> 
     </span>
     <span class='ocr_line' id='line_1_25' title="bbox 60 2893 1099 2992; baseline -0.002 -24"><span class='ocrx_word' id='word_1_148' title='bbox 60 2906 126 2986; x_wconf 90' lang='lat' dir='ltr'>est,</span> <span class='ocrx_word' id='word_1_149' title='bbox 145 2907 186 2968; x_wconf 87' lang='lat' dir='ltr'>et</span> <span class='ocrx_word' id='word_1_150' title='bbox 203 2894 327 2968; x_wconf 90' lang='lat' dir='ltr'>abillo</span> <span class='ocrx_word' id='word_1_151' title='bbox 344 2895 463 2992; x_wconf 91' lang='lat' dir='ltr'>primo</span> <span class='ocrx_word' id='word_1_152' title='bbox 481 2907 519 2968; x_wconf 90' lang='lat' dir='ltr'>et</span> <span class='ocrx_word' id='word_1_153' title='bbox 536 2895 614 2968; x_wconf 91' lang='lat' dir='ltr'>solo</span> <span class='ocrx_word' id='word_1_154' title='bbox 639 2893 841 2991; x_wconf 87' lang='lat' dir='ltr'>explicatus</span> <span class='ocrx_word' id='word_1_155' title='bbox 857 2894 896 2967; x_wconf 92' lang='lat' dir='ltr'>in</span> <span class='ocrx_word' id='word_1_156' title='bbox 921 2893 1015 2968; x_wconf 91' lang='lat' dir='ltr'>libro</span> <span class='ocrx_word' id='word_1_157' title='bbox 1044 2916 1099 2966; x_wconf 89' lang='lat' dir='ltr'>nn</span> 
     </span>
     <span class='ocr_line' id='line_1_26' title="bbox 61 3006 1099 3104; baseline -0.003 -22"><span class='ocrx_word' id='word_1_158' title='bbox 61 3029 268 3098; x_wconf 77' lang='lat' dir='ltr'>coucosn,</span> <span class='ocrx_word' id='word_1_159' title='bbox 305 3032 385 3104; x_wconf 88' lang='lat' dir='ltr'>cap.</span> <span class='ocrx_word' id='word_1_160' title='bbox 403 3007 478 3098; x_wconf 83' lang='lat' dir='ltr'>xxi,</span> <span class='ocrx_word' id='word_1_161' title='bbox 505 3020 573 3082; x_wconf 88' lang='lat' dir='ltr'>art.</span> <span class='ocrx_word' id='word_1_162' title='bbox 597 3017 627 3080; x_wconf 90' lang='lat' dir='ltr'>l.</span> <span class='ocrx_word' id='word_1_163' title='bbox 681 3008 767 3081; x_wconf 90' lang='lat' dir='ltr'>Sine</span> <span class='ocrx_word' id='word_1_164' title='bbox 794 3030 867 3103; x_wconf 92' lang='lat' dir='ltr'>qua</span> <span class='ocrx_word' id='word_1_165' title='bbox 892 3006 1099 3104; x_wconf 89' lang='lat' dir='ltr'>hypothesi,</span> 
     </span>
     <span class='ocr_line' id='line_1_27' title="bbox 60 3119 1100 3218; baseline 0 -24"><span class='ocrx_word' id='word_1_166' title='bbox 60 3133 367 3218; x_wconf 86' lang='lat' dir='ltr'>quantuscunque</span> <span class='ocrx_word' id='word_1_167' title='bbox 384 3120 499 3209; x_wconf 91' lang='lat' dir='ltr'>labor,</span> <span class='ocrx_word' id='word_1_168' title='bbox 518 3144 588 3204; x_wconf 85' lang='lat' dir='ltr'>ars,</span> <span class='ocrx_word' id='word_1_169' title='bbox 604 3132 769 3217; x_wconf 89' lang='lat' dir='ltr'>sumptus</span> <span class='ocrx_word' id='word_1_170' title='bbox 786 3119 835 3193; x_wconf 92' lang='lat' dir='ltr'>ad</span> <span class='ocrx_word' id='word_1_171' title='bbox 852 3143 975 3193; x_wconf 89' lang='lat' dir='ltr'>rerum</span> <span class='ocrx_word' id='word_1_172' title='bbox 993 3132 1100 3194; x_wconf 91' lang='lat' dir='ltr'>natu-</span> 
     </span>
     <span class='ocr_line' id='line_1_28' title="bbox 59 3238 1101 3326; baseline -0.002 -12"><span class='ocrx_word' id='word_1_173' title='bbox 59 3241 190 3314; x_wconf 90' lang='lat' dir='ltr'>ralium</span> <span class='ocrx_word' id='word_1_174' title='bbox 216 3238 415 3312; x_wconf 90' lang='lat' dir='ltr'>invisibiles</span> <span class='ocrx_word' id='word_1_175' title='bbox 445 3263 572 3313; x_wconf 87' lang='lat' dir='ltr'>causas</span> <span class='ocrx_word' id='word_1_176' title='bbox 601 3238 839 3313; x_wconf 81' lang='lat' dir='ltr'>inveniendas</span> <span class='ocrx_word' id='word_1_177' title='bbox 869 3238 1101 3326; x_wconf 88' lang='lat' dir='ltr'>adhibeatur,</span> 
     </span>
     <span class='ocr_line' id='line_1_29' title="bbox 58 3351 1101 3449; baseline -0.001 -23"><span class='ocrx_word' id='word_1_178' title='bbox 58 3353 198 3427; x_wconf 83' lang='lat' dir='ltr'>frustra</span> <span class='ocrx_word' id='word_1_179' title='bbox 231 3353 312 3427; x_wconf 93' lang='lat' dir='ltr'>erit.</span> <span class='ocrx_word' id='word_1_180' title='bbox 379 3352 513 3426; x_wconf 90' lang='lat' dir='ltr'>Vidisti</span> <span class='ocrx_word' id='word_1_181' title='bbox 542 3363 666 3425; x_wconf 92' lang='lat' dir='ltr'>autem</span> <span class='ocrx_word' id='word_1_182' title='bbox 691 3353 769 3449; x_wconf 90' lang='lat' dir='ltr'>jam</span> <span class='ocrx_word' id='word_1_183' title='bbox 803 3351 975 3425; x_wconf 88' lang='lat' dir='ltr'>elastrum</span> <span class='ocrx_word' id='word_1_184' title='bbox 1010 3352 1101 3425; x_wconf 92' lang='lat' dir='ltr'>illud</span> 
     </span>
     <span class='ocr_line' id='line_1_30' title="bbox 58 3464 1100 3562; baseline -0.003 -23"><span class='ocrx_word' id='word_1_185' title='bbox 58 3467 165 3555; x_wconf 84' lang='lat' dir='ltr'>aeris,</span> <span class='ocrx_word' id='word_1_186' title='bbox 179 3465 281 3561; x_wconf 93' lang='lat' dir='ltr'>quod</span> <span class='ocrx_word' id='word_1_187' title='bbox 298 3474 522 3562; x_wconf 91' lang='lat' dir='ltr'>supponunt,</span> <span class='ocrx_word' id='word_1_188' title='bbox 537 3474 603 3537; x_wconf 92' lang='lat' dir='ltr'>aut</span> <span class='ocrx_word' id='word_1_189' title='bbox 618 3464 842 3560; x_wconf 91' lang='lat' dir='ltr'>impossibile</span> <span class='ocrx_word' id='word_1_190' title='bbox 860 3488 950 3554; x_wconf 91' lang='lat' dir='ltr'>esse,</span> <span class='ocrx_word' id='word_1_191' title='bbox 961 3477 1025 3537; x_wconf 86' lang='lat' dir='ltr'>aut</span> <span class='ocrx_word' id='word_1_192' title='bbox 1042 3488 1100 3536; x_wconf 92' lang='lat' dir='ltr'>re-</span> 
     </span>
     <span class='ocr_line' id='line_1_31' title="bbox 58 3576 1099 3674; baseline -0.002 -23"><span class='ocrx_word' id='word_1_193' title='bbox 58 3577 283 3652; x_wconf 88' lang='lat' dir='ltr'>currendum</span> <span class='ocrx_word' id='word_1_194' title='bbox 301 3601 380 3651; x_wconf 86' lang='lat' dir='ltr'>esse</span> <span class='ocrx_word' id='word_1_195' title='bbox 397 3576 445 3651; x_wconf 90' lang='lat' dir='ltr'>ad</span> <span class='ocrx_word' id='word_1_196' title='bbox 461 3578 696 3674; x_wconf 86' lang='lat' dir='ltr'>hypothesim</span> <span class='ocrx_word' id='word_1_197' title='bbox 714 3577 959 3668; x_wconf 88' lang='lat' dir='ltr'>Hobbianam,</span> <span class='ocrx_word' id='word_1_198' title='bbox 977 3601 1099 3674; x_wconf 89' lang='lat' dir='ltr'>quam,</span> 
     </span>
     <span class='ocr_line' id='line_1_32' title="bbox 58 3690 811 3788; baseline 0 -24"><span class='ocrx_word' id='word_1_199' title='bbox 58 3690 213 3766; x_wconf 82' lang='lat' dir='ltr'>fortasse</span> <span class='ocrx_word' id='word_1_200' title='bbox 231 3714 305 3764; x_wconf 94' lang='lat' dir='ltr'>non</span> <span class='ocrx_word' id='word_1_201' title='bbox 322 3690 580 3787; x_wconf 86' lang='lat' dir='ltr'>intelligentes,</span> <span class='ocrx_word' id='word_1_202' title='bbox 593 3692 811 3788; x_wconf 88' lang='lat' dir='ltr'>rejecerunt.</span> 
     </span>
    </p>

    <p class='ocr_par' dir='ltr' id='par_1_12' title="bbox 56 3800 1099 4129">
     <span class='ocr_line' id='line_1_33' title="bbox 106 3800 1099 3901; baseline -0.001 -27"><span class='ocrx_word' id='word_1_203' title='bbox 106 3802 154 3878; x_wconf 88' lang='lat' dir='ltr'>B.</span> <span class='ocrx_word' id='word_1_204' title='bbox 182 3803 320 3878; x_wconf 90' lang='lat' dir='ltr'>Nescio</span> <span class='ocrx_word' id='word_1_205' title='bbox 338 3803 425 3901; x_wconf 91' lang='lat' dir='ltr'>quid</span> <span class='ocrx_word' id='word_1_206' title='bbox 443 3804 584 3877; x_wconf 78' lang='lat' dir='ltr'>adhaec</span> <span class='ocrx_word' id='word_1_207' title='bbox 601 3803 896 3900; x_wconf 89' lang='lat' dir='ltr'>respondendum</span> <span class='ocrx_word' id='word_1_208' title='bbox 913 3803 973 3875; x_wconf 88' lang='lat' dir='ltr'>sit.</span> <span class='ocrx_word' id='word_1_209' title='bbox 1025 3800 1099 3874; x_wconf 90' lang='lat' dir='ltr'>Sed</span> 
     </span>
     <span class='ocr_line' id='line_1_34' title="bbox 57 3914 1098 4015; baseline -0.006 -24"><span class='ocrx_word' id='word_1_210' title='bbox 57 3917 88 3990; x_wconf 91' lang='lat' dir='ltr'>si</span> <span class='ocrx_word' id='word_1_211' title='bbox 104 3929 146 3991; x_wconf 90' lang='lat' dir='ltr'>tn</span> <span class='ocrx_word' id='word_1_212' title='bbox 161 3916 344 4015; x_wconf 88' lang='lat' dir='ltr'>perhanc</span> <span class='ocrx_word' id='word_1_213' title='bbox 360 3916 593 4013; x_wconf 84' lang='lat' dir='ltr'>hypothesim</span> <span class='ocrx_word' id='word_1_214' title='bbox 623 3928 723 3990; x_wconf 88' lang='lat' dir='ltr'>tuam</span> <span class='ocrx_word' id='word_1_215' title='bbox 743 3925 879 3989; x_wconf 88' lang='lat' dir='ltr'>caetera</span> <span class='ocrx_word' id='word_1_216' title='bbox 894 3914 1003 4010; x_wconf 88' lang='lat' dir='ltr'>hujus</span> <span class='ocrx_word' id='word_1_217' title='bbox 1020 3937 1098 3986; x_wconf 88' lang='lat' dir='ltr'>ma·</span> 
     </span>
     <span class='ocr_line' id='line_1_35' title="bbox 56 4024 1098 4129; baseline -0.007 -24"><span class='ocrx_word' id='word_1_218' title='bbox 56 4033 177 4108; x_wconf 86' lang='lat' dir='ltr'>chinae</span> <span class='ocrx_word' id='word_1_219' title='bbox 195 4031 436 4129; x_wconf 85' lang='lat' dir='ltr'>phaenomena</span> <span class='ocrx_word' id='word_1_220' title='bbox 453 4029 657 4127; x_wconf 82' lang='lat' dir='ltr'>expedietis</span> <span class='ocrx_word' id='word_1_221' title='bbox 674 4043 753 4104; x_wconf 85' lang='lat' dir='ltr'>tam</span> <span class='ocrx_word' id='word_1_222' title='bbox 776 4027 887 4117; x_wconf 88' lang='lat' dir='ltr'>clare,</span> <span class='ocrx_word' id='word_1_223' title='bbox 906 4049 1016 4122; x_wconf 91' lang='lat' dir='ltr'>quam</span> <span class='ocrx_word' id='word_1_224' title='bbox 1045 4024 1098 4099; x_wconf 93' lang='lat' dir='ltr'>illi</span> 
     </span>
    </p>
   </div>
   <div class='ocr_carea' id='block_1_4' title="bbox 0 0 1314 5092">
    <p class='ocr_par' dir='ltr' id='par_1_13' title="bbox 0 0 1314 5092">
     <span class='ocr_line' id='line_1_36' title="bbox 0 0 1314 5092; baseline 0 2"><span class='ocrx_word' id='word_1_225' title='bbox 0 0 1314 5092; x_wconf 95' lang='lat' dir='ltr'> </span> 
     </span>
    </p>
   </div>
  </div>
 </body>
</html>
