2618 5092
226 648 302 717 40⁰
370 665 426 717 nn
445 664 684 719 ramesme-
697 664 752 720 au
769 664 1141 723 annueramus!

32 856 184 960 Q
225 841 338 905 recta
359 831 437 921 ΑΟ,
450 830 514 907 ΟΕ
544 833 774 909 constituant
798 856 914 909 unam
941 834 1095 911 lineam
1108 856 1257 929 -currrn,
1301 786 1303 801 Ι

43 984 175 1043 mm„
225 943 409 1017 incertum
434 957 512 1019 est:
539 945 894 1036 increscentem
915 946 1165 1047 potius-quod
1183 970 1258 1023 nou.

226 1055 326 1130 Nam
346 1068 527 1153 punctum
553 1058 583 1133 (l
604 1058 900 1135 considerabitur
925 1060 1002 1135 vel-
1016 1072 1063 1137 ut
1081 1074 1258 1161 quantun,

224 1170 284 1243 vel
310 1181 354 1244 ut
375 1171 479 1245 nihil.
531 1172 572 1245 Si
598 1184 642 1246 ut
657 1170 763 1261 nihil,
788 1194 911 1269 neque
935 1172 1039 1249 linea
1060 1174 1129 1251 ΒΕ
1153 1198 1259 1273 nequo

223 1282 323 1357 linea
339 1284 386 1358 Fl
404 1284 490 1359 duci
506 1296 775 1385 potestasque
790 1284 1034 1361 considerari.
1080 1286 1147 1361 Sin
1160 1310 1259 1387 punc

224 1407 304 1470 tum
323 1397 578 1472 consideretur
590 1410 633 1472 ut
650 1408 843 1496 quantum,
855 1398 1157 1475 considerabitur¹
1170 1412 1261 1477 roca

224 1509 372 1607 quidem
390 1510 456 1584 DE
482 1523 526 1585 ut
551 1510 822 1609 rectangulunr,
839 1524 880 1585 et
903 1514 1090 1601 arcusFl
1106 1528 1152 1589 ut
1173 1514 1261 1590 orbis

224 1624 379 1720 alicujus
396 1624 613 1699 latitudinis.
666 1625 797 1722 ltaque
813 1638 996 1722 punctum
1014 1626 1047 1701 Ο
1063 1626 1261 1703 considera·

223 1738 323 1812 bitur
338 1749 383 1812 ut
398 1762 484 1836 pars
500 1740 691 1836 utriusque
708 1738 939 1813 communis:
965 1750 1006 1814 et
1023 1740 1080 1815 sic
1090 1742 1163 1816 erit
1176 1740 1262 1815 iden

223 1865 402 1948 punctum
428 1852 704 1927 consideratum
725 1866 770 1927 ut
785 1853 906 1949 maius
927 1865 969 1927 et
994 1854 1133 1939 minus.
1150 1852 1261 1944 idest,

222 1980 267 2041 ut
284 1967 505 2064 quadratum
528 1978 568 2040 et
590 1965 751 2041 circulus
780 1965 852 2062 ipsi
876 1964 1095 2064 inscriptus.
1148 1966 1262 2043 Quare

224 2080 308 2154 duae
336 2094 449 2155 rectae
475 2079 746 2155 constituentes
773 2078 952 2177 angulum
982 2094 1145 2174 rectum,
1171 2080 1262 2155 nullo

222 2193 333 2268 modo
347 2192 574 2268 considerari
589 2206 633 2268 ut
648 2216 724 2267 una
740 2205 845 2266 recta
859 2205 1031 2290 possunt.
1068 2193 1193 2269 Multo
1208 2216 1263 2267 au·

222 2317 299 2381 tem
315 2308 449 2397 minus,
461 2307 492 2380 si
509 2306 743 2380 constituunt
756 2304 935 2402 angulum
945 2319 1114 2382 acutum.
1143 2314 1167 2347 ‘⁶
1174 2305 1262 2384 Quid

223 2422 344 2517 ergo,’'
362 2421 507 2517 inquiet
530 2420 626 2493 forte
651 2420 795 2515 aliquis
815 2425 839 2458 “
853 2419 1005 2494 nullane
1031 2446 1155 2520 neque
1180 2436 1260 2508 arte,

222 2556 342 2628 neque
366 2534 514 2606 fortuna
538 2533 652 2606 dividi
678 2544 803 2629 potest
827 2532 927 2606 linea
951 2547 1056 2608 recta
1083 2536 1124 2609 in
1150 2548 1261 2633 partes

222 2646 431 2743 aliquotas?
484 2647 667 2721 Punctum
698 2646 797 2720 enim
825 2645 855 2719 si
883 2646 977 2719 nihil
1001 2646 1065 2735 sit,
1092 2671 1261 2743 nusquam

221 2771 290 2846 est,
308 2784 428 2856 neque
451 2760 491 2833 in
516 2759 638 2833 media
659 2759 768 2847 linea,
786 2782 905 2854 neque
932 2759 971 2831 in
1001 2761 1127 2851 tertia,
1154 2783 1261 2856 neque

220 2874 260 2946 in
279 2885 411 2970 quarta
433 2885 540 2969 parte
566 2873 657 2967 ejus.
710 2872 775 2946 Sin
800 2884 982 2968 punctum
1006 2873 1057 2946 sit
1081 2886 1261 2970 quantum,

220 2986 409 3060 auferetur
436 3010 504 3083 per
533 2985 749 3058 divisionem
772 2984 896 3080 aliqua
923 3008 1013 3080 pars
1044 3002 1160 3062 rectae
1182 2986 1261 3060 divi·

220 3100 390 3174 dendae.”
459 3098 519 3171 Ad
548 3098 648 3195 quod
681 3097 911 3193 respondeo:
950 3110 1056 3172 recte
1087 3099 1262 3173 dividetur

221 3229 335 3298 recta,
347 3214 378 3286 si
390 3236 555 3286 secamus
568 3236 649 3283 eam
658 3235 725 3308 per
739 3211 873 3283 lineam
887 3210 1092 3284 habentem
1104 3213 1261 3310 exiguam

218 3326 380 3422 aliquam
411 3324 656 3411 latitudinem,
687 3324 741 3396 ita
768 3335 810 3396 ut
836 3332 961 3419 partes
994 3323 1173 3421 utrinque
1198 3325 1261 3397 sint

217 3441 391 3536 aequales,
407 3439 643 3532 dicamusque
658 3436 773 3508 totius
785 3447 898 3509 rectae
911 3435 1087 3511 secandae
1098 3437 1261 3512 medieta-

217 3565 293 3625 tem
311 3575 389 3625 esse
408 3551 456 3624 ad
474 3550 632 3624 mediam
649 3549 855 3623 latitudinis
871 3548 981 3622 lineae
1001 3551 1186 3624 secantis:
1209 3572 1259 3622 ac·

216 3666 379 3738 curatius
396 3679 521 3738 autem
535 3663 648 3736 dividi
671 3662 852 3752 bifariam,
870 3662 916 3734 ab
944 3662 1112 3737 humana
1144 3663 1258 3737 saltem

216 3778 395 3874 potentia,
424 3802 499 3851 non
522 3789 656 3874 potest.
723 3777 831 3873 Itque
854 3775 936 3849 haec
962 3777 1081 3851 verba
1116 3776 1257 3849 duam

217 3893 409 3980 linearum,
437 3901 522 3980 etc,
541 3903 582 3964 ut
609 3890 771 3964 obscura
798 3888 1045 3984 reprehendo,
1078 3902 1257 3986 propterea

217 4006 316 4104 quod
349 4029 432 4103 quae
460 4004 542 4077 duae
570 4004 678 4076 lineae
706 4026 817 4075 unam
848 4003 1082 4077 constituant
1108 4002 1168 4076 vel
1195 4021 1257 4074 non

217 4120 459 4210 constituant,
478 4117 646 4190 nondum
664 4115 851 4189 docuerat.

267 4235 312 4307 ld
325 4232 425 4330 quod
438 4231 529 4304 facit
547 4231 638 4304 duas
655 4230 772 4303 lineas
786 4226 1014 4325 compositas
1028 4240 1131 4303 recte
1145 4224 1256 4302 vocari

216 4375 338 4438 unam,
367 4359 423 4421 est
452 4345 552 4443 quod
584 4344 683 4417 idem
713 4343 865 4417 omnino
896 4341 1062 4417 habeant
1093 4355 1256 4441 punctum

217 4485 424 4548 commune,
443 4459 550 4556 quale
566 4457 715 4554 quidem
733 4457 872 4530 habent
889 4478 999 4530 arcus
1019 4458 1093 4545 FC,
1105 4458 1179 4531 cl:
1204 4448 1255 4527 sed

217 4600 292 4649 non
310 4576 400 4648 item
419 4573 488 4660 FC,
503 4572 580 4661 OD,
599 4595 718 4668 neque
735 4572 813 4660 EC,
826 4569 901 4643 CA.
