2618 5092
528 986 831 1065 DUPLIOA'l'IO
855 988 991 1067 CUBI.

235 1426 239 1431 -
287 1376 418 1471 siclin
434 1377 499 1474 fig.
521 1375 558 1471 l)
577 1374 764 1467 muav,
779 1386 883 1453 sacta
897 1376 939 1453 iu
957 1376 1009 1469 l),
1024 1376 1084 1455 ita
1098 1378 1256 1455 utAlltit

235 1490 349 1589 dupla
364 1491 444 1565 DV.

285 1604 519 1680 Quadratum
533 1602 583 1677 ab
598 1602 681 1690 AD,
692 1602 834 1699 majore
849 1616 1060 1700 segmento,
1072 1604 1124 1679 ait
1136 1604 1256 1681 sucu.

285 1718 344 1791 Sit
362 1729 442 1791 tum
460 1716 529 1791 BR
551 1726 633 1792 tum
649 1716 712 1791 AS
736 1716 889 1815 aqualis
912 1718 1193 1815 semidiagouali
1207 1718 1255 1793 ll

284 1830 516 1905 Producatur
531 1830 597 1905 OD
613 1831 654 1904 iu
670 1829 712 1919 P,
729 1829 784 1905 ita
798 1838 843 1905 ut
866 1829 933 1909 DP
953 1831 1007 1906 sit
1030 1831 1183 1930 {aqualis
1194 1832 1256 1907 All.

284 1944 452 2018 Ducatur
468 1943 531 2018 RS
548 1956 588 2018 et
602 1942 843 2041 producatur.

284 2057 368 2131 Fiat
385 2057 446 2133 SY
462 2056 615 2153 oequalis
631 2057 713 2147 DV,
729 2068 768 2131 et
780 2057 990 2155 jungantur
1007 2055 1092 2148 ΒΥ,
1109 2058 1182 2134 PV.

283 2171 383 2267 Ergo
400 2181 513 2245 rcctae
529 2170 687 2257 RY‚1>v
704 2181 815 2245 crunt
832 2168 1020 2266 pannem
1042 2182 1085 2245 ct
1108 2170 1254 2269 taqualu

230 2338 233 2343 -
284 2284 565 2357 connectantur
580 2283 655 2374 ΡΥ,
670 2282 742 2358 VR
757 2306 886 2358 secans
901 2281 971 2357 Dc
986 2283 1028 2357 iu
1044 2284 1098 2359 X.

282 2397 382 2493 Ergo
399 2398 473 2487 PY,
490 2398 559 2471 VR
575 2407 662 2471 sunt
679 2393 849 2493 aequules,
868 2407 907 2470 et
931 2396 1065 2471 PYRV
1080 2396 1253 2495 parallelo-

231 2533 451 2606 graminum.

281 2624 317 2696 Α
332 2632 472 2718 puncto
488 2623 522 2693 V
539 2622 589 2696 ad
607 2631 748 2696 rectam
769 2620 832 2695 PY
848 2618 1008 2695 ducatur
1030 2622 1253 2720 perpendicu-

231 2736 319 2809 laris
336 2735 410 2808 VZ.

282 2848 331 2922 Ilt
361 2847 478 2921 divisa
506 2848 569 2922 PV
593 2847 764 2921 bifariam
796 2846 835 2921 in
860 2870 898 2935 u,
920 2845 1028 2921 radio
1052 2848 1113 2921 uV
1139 2848 1195 2922 vel
1213 2847 1253 2920 uP

231 2961 461 3035 describatur
477 2960 728 3035 semicirculus
745 2960 809 3057 qui
832 2960 1007 3034 transibit
1031 2984 1102 3058 per
1122 2963 1205 3037 Det
1222 2960 1251 3033 Z.

280 3077 380 3172 Ergo
397 3075 523 3171 anguli
540 3074 648 3163 YZV,
666 3074 766 3148 ZVX
783 3083 869 3147 sunt
884 3073 992 3147 recti.

280 3188 414 3262 Divisis
433 3188 512 3277 AB,
529 3187 595 3261 DC
611 3186 780 3261 bifariam
796 3186 835 3261 in
851 3187 937 3260 Eat
953 3185 997 3277 F,
1013 3186 1128 3262 ducta
1144 3188 1199 3262 EF
1212 3207 1252 3260 sc

228 3302 329 3374 cabit
345 3301 412 3375 RY
429 3302 600 3375 bifariam
617 3301 703 3397 inf.

278 3416 447 3488 Ducatur
463 3414 520 3510 as
529 3437 656 3488 secans
673 3414 740 3486 YV
753 3413 791 3487 iu
808 3412 852 3501 T,
870 3423 910 3485 et
926 3411 991 3485 ZV
1007 3412 1048 3487 in
1065 3438 1099 3489 c.

277 3527 377 3624 Ergo
390 3526 453 3624 af
462 3527 595 3601 dividit
616 3527 1002 3624 parallelogrammum
1030 3527 1162 3601 PYRV
1176 3522 1250 3599 bifu

225 3639 331 3730 riam,
349 3651 386 3714 et
412 3653 500 3715 sunt
522 3652 597 3716 tres
623 3652 736 3716 rectae
766 3640 841 3730 ΡΥ,
863 3640 930 3737 uf,
947 3640 1018 3715 VR
1044 3641 1199 3739 aequalas
1221 3648 1250 3710 et

223 3753 420 3850 parallelae.

225 3918 229 3926 ·
272 3868 440 3942 Ducatur
456 3870 527 3957 aZ,
541 3892 624 3964 quae
640 3880 698 3941 est
713 3865 865 3964 aequalis
883 3865 958 3939 aV.

273 3982 373 4078 Ergo
388 3982 451 4055 VZ
468 3982 585 4057 divisa
601 3993 660 4055 est
675 3981 845 4055 bifariam
862 3989 901 4053 et
916 3977 967 4053 ad
979 3979 1137 4077 angulos
1148 3986 1249 4052 rectos

223 4119 263 4167 1n
280 4120 312 4168 e.

274 4208 395 4282 Etiam
412 4208 474 4282 DS
493 4207 611 4281 divisa
623 4219 679 4280 est
694 4206 863 4280 bifariam
880 4206 920 4278 in
936 4205 982 4278 T.

274 4325 373 4420 Ergo
387 4322 546 4396 circulus
562 4321 770 4419 descriptus
786 4318 891 4395 radio
907 4318 973 4392 TV
990 4318 1049 4392 vel
1068 4317 1136 4392 TY
1148 4329 1247 4390 trans

223 4435 293 4509 ibit
308 4460 374 4532 per
391 4437 430 4509 Z.
