2618 5092
424 662 760 716 auouurannum.
1037 644 1109 713 409

59 840 177 902 tatem
206 837 276 901 aut
303 827 460 901 duarum
486 840 670 901 rectarum
702 827 927 902 distantiam.
980 825 1110 921 Neque
1156 847 1224 888 car·

60 943 213 1016 omnino
243 941 416 1039 possibile
443 954 500 1014 est
527 941 646 1015 ideam
673 943 809 1015 habere
835 941 942 1015 linem
966 939 1110 1011 infinite
1151 919 1228 1034 {a}

59 1056 267 1152 productas.
320 1056 499 1140 Fortasse,
519 1079 625 1129 exeo
646 1056 745 1152 quod
769 1057 807 1128 in
838 1067 1008 1128 neutram
1026 1076 1110 1147 par-

60 1182 137 1242 tem
159 1168 387 1255 coincidant,
406 1168 649 1242 demonstrari
672 1181 798 1265 potest
821 1168 921 1265 quod
944 1179 1031 1238 suut
1044 1188 1110 1259 pa-

60 1283 208 1372 rallelae,
227 1283 305 1356 sive
323 1281 420 1378 quod
450 1282 586 1378 ubique
608 1307 710 1380 aeque
728 1282 879 1370 distant,
897 1281 963 1354 sed
977 1303 1022 1351 ex
1040 1278 1112 1351 alia

61 1396 322 1493 parallelarum
339 1396 415 1468 sive
431 1395 741 1492 aquidistantium
759 1395 984 1469 definitione.

111 1507 259 1583 Deinde
276 1532 344 1605 per
360 1509 475 1582 bonas
488 1508 720 1583 definitiones
731 1506 977 1582 demonstrari
991 1506 1113 1580 solent

63 1632 100 1695 et
128 1620 271 1696 debent
297 1620 550 1694 conclusiones
571 1622 721 1716 primae:
747 1623 817 1696 hac
834 1645 923 1696 vero
940 1621 1112 1694 Euclides

63 1758 245 1832 nusquam
264 1733 393 1807 utitur.

112 1847 294 1921 Definitio
312 1845 470 1943 denique
497 1870 617 1943 neque
643 1847 937 1920 demonstrabilis
955 1860 1024 1934 est,
1042 1871 1112 1920 nec

65 1985 139 2035 esse
171 1960 306 2034 debet:
333 1984 418 2033 cum
444 1960 493 2033 sit
519 1960 845 2033 demonstrationis
876 1958 1110 2056 principium.

111 2076 223 2148 Hanc
240 2086 365 2147 autem
379 2074 639 2148 demonstrabo
657 2099 680 2147 a
697 2073 912 2146 definitione
929 2072 1002 2145 alia
1018 2073 1110 2145 hac:

66 2185 275 2261 Paraldaloe
308 2197 422 2260 rectcc
453 2196 550 2277 sunt,
586 2188 625 2260 r'n
660 2211 813 2284 quarum
847 2210 920 2258 una
953 2186 1113 2282 sumptis

64 2301 203 2374 duodus
214 2300 370 2398 punctis
386 2299 441 2373 ad
454 2299 691 2397 quodcunque
709 2298 956 2388 intervallum,
971 2298 1020 2370 ab
1035 2298 1115 2371 illis

58 2414 214 2513 punctis
246 2413 328 2488 duca
356 2423 464 2486 rectoe
479 2413 676 2509 facientes
693 2437 773 2487 cum
792 2413 880 2512 ipsa
898 2412 952 2485 ad
965 2412 1116 2484 easdem

57 2537 195 2626 partes
226 2526 388 2626 angulos
415 2526 597 2624 aquales·
612 2526 731 2602 ducta
755 2528 813 2602 ud
837 2526 1011 2614 alterum,
1030 2534 1116 2597 sunt

63 2639 240 2740 aquales.
292 2640 348 2713 Ex
365 2663 439 2736 qua
465 2639 680 2714 definitione
707 2640 917 2715 necessario
935 2641 1115 2736 sequitur,

63 2754 153 2829 duas
180 2754 263 2827 illas
289 2766 410 2827 rectas
434 2754 635 2850 productas
652 2778 844 2851 uunquam
862 2779 941 2829 esse
959 2779 1116 2829 concur-

62 2890 188 2942 suras:
206 2879 250 2939 ut
262 2891 343 2962 quae
359 2867 496 2964 ubique
513 2868 560 2942 ab
577 2868 779 2965 aequalibus
798 2869 911 2943 rectis
927 2869 1117 2966 aequaliter

61 2982 251 3056 inclinatis
268 2980 502 3054 distinentur.

109 3095 289 3171 Definitio
319 3118 402 3168 mea
430 3095 512 3168 haec
537 3095 660 3170 ideam
684 3097 966 3192 mquidistantiae
991 3097 1115 3168 animo

60 3211 267 3308 ingenerat,
285 3232 353 3282 nec
378 3209 425 3281 ab
455 3209 528 3282 alia
553 3209 677 3306 priore
703 3210 950 3285 demonstrari
969 3222 1113 3305 potest:

54 3336 217 3423 ,possunt
234 3335 357 3396 autem
375 3323 422 3394 ab
448 3322 511 3395 illa
537 3323 657 3395 multo
686 3324 835 3397 brevius
868 3323 1114 3396 demonstrari

59 3436 319 3534 parallelorum
338 3447 536 3520 rectarum,
554 3435 613 3508 vel
630 3435 742 3508 etiam
756 3437 1014 3529 parallelorum
1033 3436 1113 3532 pla-

53 3575 196 3624 norum
223 3549 480 3647 proprietates,
510 3573 621 3644 quam
649 3560 715 3621 aut
740 3548 788 3621 ab
819 3549 973 3623 Euclide
999 3562 1064 3622 aut
1089 3574 1114 3622 a

61 3663 191 3737 Clavio
210 3662 524 3735 demonstrantur.

110 3777 234 3873 Atque
259 3775 337 3848 haec
364 3775 464 3848 dicta
492 3773 676 3847 sufficiant
698 3775 745 3847 de
767 3773 1045 3848 definitionibus
1063 3776 1110 3849 ad

59 3889 295 3963 Elementum
324 3888 497 3985 primum,
521 3910 565 3958 ex
593 3888 725 3983 quibus
754 3910 977 3983 cognoscere
1005 3903 1110 3986 potes

60 4027 170 4099 quam
192 4002 288 4074 bene
309 4011 389 4073 tum
415 3999 573 4087 clavius,
596 4013 674 4071 tum
693 3999 876 4088 Euclides,
899 4015 979 4075 tum
998 4004 1110 4076 etiarn

61 4140 189 4189 eorum
207 4124 411 4187 sectatores
425 4124 596 4185 naturam
609 4111 878 4207 parallelarum,
889 4127 955 4187 aut
972 4117 1110 4211 anguli,

60 4243 125 4304 aut
141 4230 264 4318 lineae,
282 4238 347 4301 aut
363 4226 492 4323 puncti
510 4225 782 4300 intellexeruut.
820 4226 1019 4302 Videamus
1032 4231 1110 4324 jam

55 4343 274 4442 petitiones,
292 4353 417 4415 utrum
436 4363 553 4437 aequae
571 4363 619 4412 an
637 4338 773 4436 iniquae
791 4339 876 4414 siut.
