2618 5092
245 676 319 743 240
574 690 629 743 nn
648 690 822 745 unauna
841 690 979 745 saara.

243 858 356 931 iidem
370 859 608 948 confitentur,
623 869 662 932 et
684 856 733 933 ad
750 856 975 933 sententiam
988 868 1093 931 tunm
1117 856 1162 931 da
1181 868 1258 931 moto

244 995 310 1068 per
338 996 448 1069 quern
476 973 521 1045 fit
550 971 656 1059 visio,
683 971 862 1047 accedere
888 970 1087 1070 incipiunt
1134 968 1259 1045 Nnmin

247 1086 433 1159 Societate
444 1097 573 1159 nostra
588 1086 698 1183 pauci
715 1097 803 1161 sunt
820 1085 884 1183 qni
896 1084 1007 1161 aliter
1019 1083 1188 1161 sentiunt

297 1202 347 1276 A.
376 1204 557 1278 Quaenam
567 1216 625 1278 est
638 1204 701 1278 illa
718 1204 885 1279 Societas
901 1200 1051 1277 vestra?

296 1315 343 1390 B.
371 1316 528 1390 circiter
555 1316 826 1415 quinquaginta
851 1316 924 1391 viri
953 1315 1174 1414 philosophi,
1197 1310 1261 1387 doc·

245 1430 343 1504 trina
370 1442 409 1504 et
439 1429 589 1526 ingenio
617 1430 776 1504 maxime
802 1429 1005 1527 conspicui,
1022 1428 1261 1504 constituerunt

243 1544 342 1616 inter
359 1566 398 1616 se
416 1542 572 1639 singulis
600 1544 816 1642 septimanis
844 1544 1045 1618 convenire
1073 1542 1113 1617 in
1129 1538 1260 1636 collegio

245 1657 504 1729 Greshamensi
522 1657 569 1731 ad
582 1657 874 1754 promovendam
902 1644 1172 1755 philosophiam
1183 1664 1261 1729 natu·

243 1769 370 1842 ralem.
423 1769 497 1843 Ubi
515 1783 696 1867 quantum
714 1771 870 1869 quisque
887 1770 936 1845 ad
964 1793 1048 1845 enm
1074 1793 1152 1845 rem
1178 1768 1262 1843 habet

244 1883 302 1957 vel
320 1883 571 1978 experientiae,
589 1885 649 1958 vel
666 1885 770 1974 ertia
784 1885 845 1959 vel
873 1884 1127 1976 instrumenti,
1147 1894 1261 1959 tantun

245 1996 460 2071 contribuit.
501 1996 648 2073 Quibus
664 1998 777 2072 rebus
788 2010 827 2072 et
839 2021 938 2071 nova
951 1996 1175 2095 deteguntur
1186 1994 1260 2093 pha

244 2135 415 2200 nomena,
443 2121 482 2184 et
511 2135 636 2186 rerum
663 2111 891 2187 naturalium
918 2135 1042 2187 causae
1067 2110 1202 2186 facilius
1222 2107 1261 2180 in·

244 2225 455 2300 veniuntur.

297 2339 346 2412 A.
374 2337 450 2410 Cur
466 2338 566 2411 viros
582 2338 673 2412 dicis
688 2338 960 2436 quinquaginta
978 2338 991 2411 i
1019 2339 1154 2413 Nonne
1169 2340 1261 2434 potest
1302 2424 1304 2443 Ι

245 2452 398 2548 quilibet
412 2451 505 2524 nlius
519 2450 647 2525 adesse
665 2453 727 2549 qni
744 2452 837 2541 vult,
855 2453 1170 2541 convenientibus,
1184 2458 1260 2546 puto,
1300 2448 1304 2521 ἶ

244 2565 284 2637 in
305 2565 388 2638 loco
406 2565 554 2661 publico
570 2596 579 2649 ;
607 2580 645 2639 et
663 2589 774 2663 super
792 2566 878 2638 visis
896 2565 1157 2663 experimentis
1172 2582 1260 2644 snam,
1300 2574 1304 2623 t

246 2702 349 2774 aeque
367 2701 410 2750 ac
429 2677 493 2767 illi,
506 2680 727 2752 sententiam
746 2679 895 2752 dicere?

298 2790 347 2864 B.
374 2790 541 2863 Minime.
1300 2834 1304 2887 :

296 2904 346 2976 A.
375 2903 460 2977 Quo
480 2906 564 3000 jure
581 2904 856 2999 prohibebunt?
909 2907 1017 2978 Anne
1049 2905 1203 2979 Societas
1218 2895 1263 2971 illa
1301 2904 1304 2911 '

245 3018 452 3091 constituta
469 3030 525 3092 est
543 3018 745 3114 diplomate
762 3018 937 3115 publico?

295 3132 343 3204 B.
372 3132 458 3204 Non
476 3133 648 3207 arbitror.
685 3133 760 3207 Sed
776 3134 881 3207 locus
898 3134 963 3207 ubi
977 3134 1197 3208 conveniunt
1208 3149 1261 3204 non

245 3258 304 3318 est
320 3246 502 3341 publicus.

297 3359 346 3431 A.
375 3358 476 3453 Ergo
504 3359 535 3431 si
556 3358 706 3433 domino
730 3360 802 3434 loci
825 3361 1018 3456 placuerit,
1039 3385 1085 3435 ex
1117 3361 1262 3458 qninqua-

244 3472 351 3568 ginta
367 3474 461 3545 fient
475 3474 707 3547 centumviri.

297 3586 346 3659 B.
374 3588 556 3675 Fortasse,
576 3591 641 3663 sed
658 3589 878 3662 nobilissimi
905 3589 1163 3687 utilissimique
1187 3578 1265 3659 insti·

244 3703 315 3776 tuti
332 3702 451 3799 gloria
466 3714 567 3775 certe
586 3715 623 3775 et
640 3703 761 3798 gratia
779 3703 975 3777 debebitur
987 3702 1046 3776 his
1063 3702 1197 3801 primis.

294 3814 344 3887 A.
372 3816 429 3888 Ita
448 3826 560 3901 certe,
578 3816 712 3913 siquid
729 3817 939 3890 invenerint
962 3817 1063 3914 quod
1093 3818 1142 3890 sit
1166 3802 1267 3911 generi

242 3928 418 4018 humano,
437 3930 494 4002 vel
512 3932 655 4025 patriae,
676 3931 753 4004 sive
783 3931 831 4004 ad
859 3929 1112 4004 defensionem
1140 3930 1211 4003 sive
1233 3915 1268 3993 od

244 4054 503 4115 ornamentum
521 4043 716 4139 insigniter
727 4044 817 4117 utile
833 4076 843 4127 ;
861 4043 996 4141 alioqui
1009 4048 1269 4118 contemnentur

242 4169 281 4228 et
298 4155 363 4244 illi,
383 4166 421 4228 et
437 4168 590 4252 propter
602 4156 683 4230 illos
700 4158 781 4253 ipsa
797 4157 1042 4255 philosophia.

292 4268 339 4341 B.
369 4270 600 4365 Sperandum
628 4284 731 4344 certe
755 4283 812 4344 est
836 4269 977 4367 aliquid
1007 4270 1083 4344 tale
1112 4265 1270 4365 excogito·

240 4392 345 4455 turos
356 4406 435 4455 esse
452 4383 533 4469 hos,
552 4395 616 4456 ant
635 4383 849 4457 descientia
865 4382 1027 4456 naturali
1044 4383 1197 4458 ulterius
1208 4378 1270 4452 des·

240 4496 458 4591 perandum.
486 4496 672 4571 Caeterum
684 4497 911 4588 conantium,
925 4520 1138 4596 quanquam
1147 4496 1270 4571 unna

240 4608 426 4684 laudanda
443 4623 501 4685 est
518 4611 701 4686 voluntas.
