2618 5092
337 620 615 674 Pnontuuara
634 618 827 673 nnrslcn.
1032 604 1100 671 ³21

58 799 220 877 auctore,
238 796 385 862 tantum
398 787 649 883 impelleretur
666 786 762 859 aeris
775 794 954 882 quantum
965 785 1104 858 vlribus
1151 813 1218 853 cn.
1235 812 1279 853 111.

58 902 127 976 illis
143 899 376 989 conveniret,
393 901 525 997 quibus
541 924 604 974 aer
621 911 772 997 propter
790 899 948 974 suctoris
965 912 1104 973 retrac-
1145 879 1289 982 {220}

58 1015 199 1089 tionem
234 1013 470 1112 reprimitur:
507 1012 619 1109 idque
648 1013 727 1086 sine
757 1013 858 1087 omni
889 1013 1104 1087 difficultate

58 1127 235 1203 sensibili.
289 1128 440 1204 Quanto
463 1137 586 1201 autem
609 1127 849 1201 interstitium
871 1125 962 1200 illud
985 1127 1105 1201 minus

59 1253 168 1331 esset,
186 1252 295 1314 tanto
312 1239 568 1337 ingrederetur
584 1264 648 1314 aer
664 1240 837 1314 velocius.
883 1240 953 1313 Vel
970 1241 1000 1313 si
1017 1265 1106 1314 cou-

60 1366 182 1430 tactus
199 1353 261 1444 sit,
279 1352 345 1427 sed
362 1377 437 1427 non
454 1376 521 1450 per
546 1354 671 1426 omnia
694 1366 845 1450 puncta,
873 1353 985 1427 etiam
1015 1366 1105 1427 tunc

60 1468 213 1543 intrabit
244 1491 320 1558 aer,
355 1465 466 1541 modo
496 1477 622 1541 suntor
647 1469 787 1564 majore
816 1466 854 1540 vi
883 1467 1104 1540 retrahatur.

61 1584 254 1658 Postremo
272 1579 342 1655 etsi
359 1590 552 1654 contactus
567 1581 704 1677 ubique
721 1579 974 1654 exactissimus
993 1581 1051 1668 sit,
1070 1579 1107 1651 vi

59 1709 184 1772 tamen
198 1696 288 1770 satis
301 1706 486 1792 auctaper
498 1695 685 1769 cochleam
696 1695 853 1768 ferream
866 1705 946 1768 tum
964 1694 1105 1768 corium

61 1810 180 1901 cedet,
198 1821 280 1884 tum
296 1809 417 1906 ipsum
431 1833 502 1884 aas:
530 1820 640 1906 atque
652 1807 705 1882 ita
719 1832 864 1905 quoque
877 1807 1105 1904 ingredietur

61 1947 133 1999 aer.
186 1921 335 1998 Credin’
354 1935 397 1996 tu
412 1921 584 2019 possibile
601 1945 680 1996 esse
704 1920 796 1995 duas
818 1922 1029 2018 superficies
1052 1921 1105 1995 ita

62 2048 189 2110 exacte
207 2058 441 2132 componere,
459 2046 503 2108 nt
520 2034 587 2108 has
612 2035 835 2131 compositas
865 2057 944 2108 esse
968 2058 1104 2131 suppo-

61 2159 156 2223 nunt
168 2147 246 2221 illi:
273 2158 338 2221 aut
356 2148 498 2221 corium
519 2147 574 2221 ita
595 2147 729 2222 durum
752 2171 830 2221 esse
854 2159 897 2220 ut
922 2149 1011 2237 aeri,
1042 2148 1105 2244 qui

62 2263 223 2337 cochleae
237 2283 309 2357 ope
321 2260 511 2350 incutitur,
527 2261 781 2335 nihilomnino
796 2257 928 2335 cedat?
955 2261 1104 2335 Corium

62 2398 269 2474 quanquam
288 2373 470 2471 optimum
492 2374 657 2448 admittit
678 2398 825 2471 aquam,
847 2388 891 2449 ut
917 2375 995 2471 ipse
1021 2376 1104 2465 scis,

62 2490 91 2563 si
106 2489 206 2563 forte
218 2486 340 2560 fecisti
354 2510 517 2583 unquam
533 2487 604 2561 iter
616 2500 728 2561 vento
742 2500 781 2561 et
792 2488 916 2585 pluvia
931 2501 1046 2579 ὑόμενος
1060 2503 1105 2559 καὶ

61 2616 189 2693 alpem
241 2600 372 2698 Itaque
390 2600 559 2675 dubitare
584 2625 660 2674 non
682 2613 788 2696 potes
810 2601 899 2699 quin
922 2613 1105 2675 retractus

61 2725 187 2789 suctor
203 2726 349 2788 tantum
362 2713 458 2788 aeris
469 2715 508 2787 in
519 2714 738 2810 cylindrum,
749 2714 913 2811 adeoque
931 2714 969 2787 in
987 2714 1106 2811 ipsum

62 2827 244 2926 recipiens
261 2827 426 2917 incutiat,
444 2839 622 2926 quantum
639 2827 775 2901 sufficit
794 2827 842 2901 ad
864 2828 986 2901 locum
1012 2851 1109 2901 sem-

63 2964 126 3037 per
147 2940 321 3014 relictum
346 2940 508 3035 perfecte
534 2938 772 3036 implendum.
824 2940 987 3014 Effectus
1018 2965 1108 3035 ergo

63 3053 122 3150 qui
136 3053 259 3129 oritur
270 3076 293 3125 a
306 3053 528 3126 retractione
542 3053 710 3141 auctoris,
722 3052 815 3126 alius
831 3077 907 3127 non
925 3064 981 3127 est
997 3078 1109 3149 quam

61 3179 217 3243 uentus:
242 3176 386 3255 ventus,
404 3166 567 3262 inquam,
584 3166 940 3255 vehementissimus,
961 3167 1024 3262 qui
1052 3167 1109 3238 in-

63 3279 231 3376 greditur
264 3278 508 3376 undequaque
546 3279 644 3352 inter
677 3279 834 3354 auctoris
876 3280 1108 3376 superficiem

63 3417 265 3469 convexam
282 3406 322 3467 et
338 3393 495 3490 cylindri
511 3394 605 3466 aenei
627 3417 839 3482 concavam,
856 3394 1108 3490 proceditque,

64 3531 170 3583 versa
194 3507 386 3596 clavicula,
404 3508 441 3581 in
470 3508 668 3582 cavitatem
694 3507 797 3604 globi
819 3507 940 3596 vitrei,
959 3507 1048 3598 sive,
1065 3519 1109 3580 ut

63 3633 231 3711 vocatur,
246 3620 474 3719 recipientia.

110 3733 158 3809 A.
186 3734 344 3808 Causam
361 3732 468 3808 video
485 3757 585 3807 nunc
603 3733 711 3806 unius
730 3757 776 3806 ex
796 3732 975 3808 machinae
997 3734 1108 3807 mira-

63 3847 208 3938 bilibus,
227 3846 413 3936 nimirum,
436 3869 503 3920 cur
524 3857 649 3919 suctor
670 3858 864 3943 postquam
894 3857 949 3920 est
969 3847 1108 3942 aliqua-

64 3971 170 4036 tenus
187 3971 370 4034 retractus
390 3972 429 4032 et
452 3959 584 4034 deinde
607 3960 775 4049 amissus,
804 3960 925 4034 subito
951 3961 1108 4034 recurrit

65 4073 111 4148 ad
128 4072 287 4172 cylindri
304 4073 563 4147 summitatem.
615 4074 713 4146 Nam
738 4096 813 4161 aer,
832 4073 949 4171 quivi
973 4096 1109 4167 magna

66 4187 242 4285 impulsus
259 4186 392 4277 fuerat,
412 4211 537 4261 rursus
564 4210 630 4283 per
651 4188 963 4284 repercussiouem
981 4185 1029 4258 ad
1046 4209 1109 4257 ex·

66 4311 171 4376 terna
186 4301 225 4374 vi
241 4299 371 4374 eadem
387 4299 597 4375 revertitur.

116 4414 165 4488 B.
191 4413 316 4510 Atque
332 4414 403 4488 hoc
421 4414 569 4512 quidem
586 4415 794 4510 argumenti
816 4412 905 4486 satis
923 4422 980 4485 est
997 4413 1109 4485 etiam

69 4526 196 4618 solum,
208 4525 309 4624 quod
320 4526 424 4602 locus
437 4553 460 4602 a
474 4540 621 4602 suctore
635 4526 785 4601 relictus
800 4549 874 4600 non
889 4535 946 4598 est
958 4547 1108 4602 vacuus.

164 4661 259 4717 VOL.
274 4663 333 4716 1v.
981 4660 1009 4714 Y
