2618 5092
300 616 362 671 nu
381 615 685 673 mnamuunmu
704 619 887 676 crucum
1040 604 1112 684 375

61 796 209 886 quarta
224 785 326 884 parti
342 787 469 861 circuli
493 787 668 885 descripti
685 788 958 863 semidiametro
975 787 1054 879 ΑΒ,
1073 801 1112 863 et
1146 816 1230 858 moa

64 925 132 998 per
149 923 381 997 consequens
408 902 558 1000 oequalis
585 903 657 976 erit
685 903 886 1000 perimetro
908 902 1023 976 totius
1041 903 1112 977 cir·

65 1015 140 1088 culi
162 1012 343 1110 descripti
359 1038 382 1088 a
398 1015 548 1089 semisse
571 1029 683 1089 rectae
699 1015 787 1102 AB3
813 1026 852 1090 et
866 1016 1017 1090 habebit
1033 1016 1112 1091 dia·

64 1139 226 1202 metrum
242 1126 421 1224 equalem
438 1128 518 1202 AB.
571 1129 696 1211 Quare
723 1129 949 1227 triangulum
966 1144 1112 1204 rectan-

61 1240 195 1338 gulam
222 1241 329 1337 cujus
355 1241 473 1316 latera
501 1243 602 1316 circa
631 1253 773 1317 rectum
797 1244 973 1341 angulum
1002 1244 1112 1319 MBG

64 1367 154 1428 sunt
167 1354 232 1428 BC
252 1363 294 1428 et
306 1355 392 1446 ΒΜ,
406 1356 477 1430 erit
490 1355 630 1452 aequaie
645 1356 782 1430 circulo
800 1357 986 1454 descripto
1004 1359 1112 1431 semi·

65 1468 248 1541 diametro
266 1493 349 1566 quae
365 1469 413 1542 sit
429 1470 589 1543 semissis
606 1481 718 1544 rectae
732 1469 810 1544 ΑΒ.
861 1470 961 1543 Huic
987 1484 1111 1544 autem

64 1580 252 1678 triangulo
267 1583 407 1681 aequalc
417 1593 474 1656 est
484 1583 739 1679 rectaugulum
752 1583 819 1656 sub
831 1583 898 1656 AB
909 1595 947 1657 et
958 1582 1112 1658 dimidia

64 1693 155 1783 ΒΜ,
172 1693 214 1767 id
241 1704 299 1768 est
324 1696 539 1792 rectangulo
554 1695 704 1780 ΑΒκπς
731 1708 769 1770 et
784 1696 1000 1794 rectangulo
1024 1698 1111 1771 huic

64 1806 205 1905 aequale
222 1819 281 1882 est
311 1809 533 1904 quadratum
557 1820 669 1883 rectae
694 1810 772 1899 Da,
799 1809 930 1883 mediae
955 1834 1111 1907 propor-

63 1921 212 1995 tionalis
239 1921 338 1996 inter
362 1923 429 1997 AB
459 1922 535 1996 sive
555 1921 637 2012 DC,
663 1934 703 1996 et
727 1921 917 1996 dimidiam
934 1922 1008 1996 ΒΜ
1027 1948 1110 2020 quae

64 2043 122 2107 est
139 2031 208 2116 DE„

416 2230 667 2285 PROPOSITIO
687 2231 759 2283 XV.

113 2376 212 2449 Dato
229 2374 411 2473 quadrata
427 2374 593 2448 iuvenire
610 2374 787 2471 aequalem
805 2373 996 2447 circulum.

114 2488 173 2561 Sit
191 2488 320 2562 datum
340 2489 395 2581 (in
411 2489 464 2581 fig
480 2488 520 2581 2)
540 2487 761 2585 quadratum
779 2486 911 2561 ABCD
929 2487 988 2560 cui
1006 2487 1108 2562 inve-

62 2600 221 2674 niendus
254 2601 303 2674 sit
337 2601 487 2696 aequalis
514 2599 683 2673 circulus.
737 2600 891 2674 Secetur
920 2599 1015 2674 latus
1041 2603 1108 2676 AB

61 2712 327 2811 quadrifariam
357 2714 397 2786 iu
413 2714 456 2800 Ε,
475 2714 515 2802 F,
533 2726 572 2787 et
589 2713 621 2788 G
635 2739 645 2796 ;
672 2713 1001 2810 compleanturque
1018 2740 1109 2812 qua-

61 2826 171 2901 drata
182 2826 356 2924 partium,
367 2850 449 2923 quae
463 2837 574 2899 erunt
586 2825 755 2900 sedecem
769 2826 869 2900 inter
881 2850 920 2900 se
933 2830 1106 2923 aequalia3

60 2939 318 3036 ducanturque
332 2938 544 3036 diagonales
554 2939 636 3028 AD,
648 2938 726 3028 BC,
738 2951 904 3013 secantes
921 2964 960 3013 se
977 2955 1107 3015 mutuo

61 3053 100 3126 in
116 3062 248 3126 centro
265 3051 436 3149 quadrati
452 3051 501 3124 ad
520 3053 570 3126 H.
622 3051 759 3124 Ceutro
773 3052 811 3123 H
829 3050 1023 3125 intervallo
1036 3055 1107 3126 HE

60 3166 119 3240 vel
136 3165 211 3240 HG
227 3165 386 3238 ducatur
411 3164 609 3261 perimcter
634 3163 762 3238 circuli
788 3187 918 3238 secans
934 3164 1001 3238 AB
1019 3165 1055 3238 in
1074 3167 1106 3240 Ε

60 3291 99 3353 et
115 3279 160 3369 G,
178 3290 218 3354 et
234 3277 445 3374 diagonales
463 3278 503 3351 in
519 3278 555 3351 R
572 3289 611 3351 et
628 3278 667 3351 S.
719 3277 869 3351 Secabit
892 3289 1016 3351 autem
1034 3278 1106 3352 cir-

60 3393 166 3467 culus
192 3391 311 3465 latera
338 3390 479 3489 reliqua
503 3391 614 3464 etiam
632 3389 905 3487 quadrifariam,
922 3393 1105 3468 transiens

59 3529 127 3603 per
140 3515 284 3603 puncta
301 3505 341 3593 P,
358 3505 413 3593 M,
431 3504 476 3595 0,
496 3505 545 3593 N,
563 3505 600 3579 Q
616 3517 656 3577 et
672 3504 713 3577 L.

108 3619 205 3692 Dico
244 3617 422 3691 circulum
460 3616 558 3691 hunc
597 3616 775 3714 aqualem
814 3640 893 3691 esse
925 3619 1104 3716 quadrato

60 3730 206 3805 ABOD.
258 3730 488 3804 Producatur
502 3730 570 3803 HF
586 3729 634 3803 ad
652 3729 986 3804 circumferentiam
1001 3732 1040 3805 in
1058 3734 1100 3807 T.

60 3843 99 3918 Si
116 3866 208 3938 ergo
225 3841 430 3916 trilaterum
450 3842 562 3931 AER,
580 3852 796 3915 contentum
823 3842 964 3918 duabus
990 3847 1103 3919 rectis

59 3957 136 4047 ΑΕ,
154 3956 226 4029 AR
238 3967 277 4029 et
293 3979 383 4029 arcu
398 3956 477 4045 ER,
494 3955 634 4050 aequale
652 3955 700 4030 sit
717 3956 883 4029 trilatero
907 3958 997 4030 Fra
1015 3981 1100 4031 con·

58 4079 163 4143 tenta
186 4069 329 4142 duabus
359 4069 470 4142 rectis
486 4070 560 4155 EF,
578 4068 650 4157 FT,
669 4080 707 4143 et
724 4093 813 4142 arcu
829 4069 903 4160 ΕΤ,
929 4070 1099 4143 manifes-

57 4194 139 4257 tum
156 4194 214 4257 est
240 4182 465 4278 triangulum
482 4183 598 4269 AHF,
622 4205 756 4278 nempe
772 4194 916 4278 partem
932 4193 1099 4256 octavam

59 4298 174 4371 totius
191 4296 375 4394 quadrati,
393 4298 534 4392 aequale
561 4319 639 4369 esse
663 4296 798 4370 sectori
823 4295 940 4384 HRT,
958 4305 1099 4368 octavae

60 4409 150 4484 item
166 4409 263 4508 parti
280 4409 395 4484 totius
413 4408 565 4483 circuli:
592 4421 632 4483 et
649 4411 701 4483 sic
714 4408 761 4483 de
774 4407 918 4482 caeteris
934 4409 1100 4503 partibus
