2618 5092
245 690 314 757 156
454 705 725 761 axamuanm
743 706 796 759 nr
813 701 1065 759 annumero
1182 784 1188 795 .

53 890 204 933 princeos
240 873 363 969 legere
380 898 462 948 eam
478 875 617 971 poteria
632 875 672 949 in
688 874 762 950 fine
774 873 877 949 Libri
886 871 1008 970 quinti
1018 864 1260 945 Bartholomm'

56 972 200 1076 „L
242 986 378 1077 Pitisci,
398 987 443 1060 de
460 988 681 1085 Triangnlis.

293 1100 340 1172 B.
369 1100 518 1197 Legem.

290 1210 337 1285 A.
365 1213 438 1286 Sed
456 1213 561 1287 deest
578 1215 690 1287 etiam
710 1212 760 1287 ad
783 1234 878 1311 opatu
899 1206 1171 1284 arithmeticum
1190 1205 1265 1281 inte·

239 1349 362 1423 grum,
370 1327 565 1401 methodus
577 1325 787 1400 inveniendi
797 1325 960 1399 radicem
971 1323 1149 1419 cujusque
1158 1330 1269 1419 potet-

241 1437 328 1511 tatis
342 1438 461 1513 datae:
485 1440 574 1513 item
588 1463 648 1514 ars
660 1439 855 1537 analytica,
873 1436 944 1511 nisi
960 1436 1025 1510 illa
1040 1430 1268 1509 arithmetica

240 1575 337 1647 pars,
366 1552 424 1624 vel
451 1553 580 1649 regula
604 1553 738 1651 aliqua,
765 1575 840 1625 non
867 1551 927 1625 sit.
979 1549 1076 1625 Quoe
1104 1570 1155 1622 an
1182 1554 1270 1619 recu

241 1666 489 1760 praetermisit,
504 1667 590 1740 item
610 1690 659 1739 en
676 1690 720 1741 ea
733 1690 816 1764 quae
829 1662 983 1738 tradidit
998 1672 1101 1735 recte
1117 1656 1271 1747 tradidit,

241 1794 345 1852 tuum
363 1791 418 1853 est
434 1779 677 1854 considerare.

293 1892 341 1964 B.
368 1892 499 1966 Restat
514 1892 634 1966 adhuc
646 1890 917 1990 percurrendos
930 1899 1112 1963 tractatus
1126 1884 1274 1961 Elench·

241 2005 336 2078 ticus
353 2015 483 2078 contra
505 2004 770 2102 Meybomium,
788 2002 837 2077 de
859 1998 1187 2101 Proportioaibu,
1208 2018 1275 2073 uua

242 2141 326 2190 cum
344 2117 587 2191 dedicatione.
638 2116 831 2191 Dedicatio
856 2116 1011 2213 paginas
1039 2113 1156 2187 habet
1178 2110 1276 2209 qnin-

242 2230 439 2324 quaginta;
467 2253 559 2326 opus
576 2228 799 2316 dedicatum,
819 2227 1012 2324 sexaginta
1030 2223 1135 2299 duas.

294 2342 340 2415 Α.
368 2342 464 2414 Scio.
517 2341 590 2414 Sed
607 2365 681 2414 non
700 2351 755 2413 est
775 2340 838 2412 illa
854 2354 932 2413 tam
950 2337 1148 2425 dedicatio,
1174 2360 1278 2434 quam

242 2453 443 2526 laborantis
459 2455 601 2549 lapsum
620 2478 726 2526 suum
743 2453 782 2525 in
803 2453 940 2526 conicis
965 2452 1152 2547 corrigere
1175 2451 1276 2524 mise·

242 2566 367 2638 rabilis
383 2566 489 2639 labor
506 2581 542 2639 et
560 2566 792 2663 perplexitas.

294 2678 342 2750 Β.
370 2680 586 2774 Scripserat,
611 2679 707 2753 Sect.
730 2679 818 2752 Coa.
836 2703 941 2775 prop.
961 2682 1034 2762 47:
1086 2675 1134 2751 In
1159 2700 1279 2777 puru-

243 2789 390 2863 boloide
407 2791 563 2864 cubitali
577 2792 781 2865 diametros
798 2817 880 2865 eoae
896 2791 970 2864 aidi
987 2791 1141 2864 inuicem
1152 2787 1282 2889 putul·

244 2901 366 2976 ledus:
392 2905 490 3002 quod
508 2906 747 2979 Robervallus
772 2906 826 2979 illi
842 2906 973 2979 falsum
998 2928 1077 2978 esse
1095 2904 1281 2978 indicavit.

244 3018 341 3115 Lege
359 3043 459 3116 ergo,
477 3031 519 3093 ut
542 3020 699 3092 sciamus
726 3021 756 3092 si
783 3019 871 3115 qnid
899 3019 1028 3091 afferat
1057 3041 1159 3090 nunc
1187 3015 1283 3114 quod

243 3133 290 3204 sit
307 3134 454 3206 rectius.

292 3244 338 3319 Α.
365 3247 450 3319 Non
485 3258 541 3318 est
576 3245 670 3318 tanti
699 3257 780 3319 tota
813 3244 1038 3341 geometria;
1072 3256 1161 3316 sunt
1188 3244 1281 3318 enim

242 3360 386 3453 paginae
399 3370 592 3455 sequentes
605 3357 811 3449 duodecim,
828 3360 958 3455 quihus
972 3358 1152 3452 quaeritur
1162 3381 1283 3454 aeqna-

242 3472 364 3561 tioniS,
376 3473 500 3545 nescio
518 3475 634 3566 cujus,
648 3472 753 3545 radix
767 3498 804 3569 q,
824 3472 916 3544 adeo
934 3471 1120 3567 stigmosae
1138 3471 1283 3569 symbo-

242 3583 357 3679 lisque
375 3586 595 3674 scribillatae,
610 3585 766 3658 utnulla
783 3586 944 3658 humana
956 3583 1138 3680 patientia
1151 3584 1284 3658 exami-

243 3697 323 3768 nari
357 3698 511 3792 possint.
569 3698 654 3771 Illas
687 3698 803 3794 igitur
836 3697 1052 3770 abominans
1082 3709 1282 3794 praetere0;

242 3812 444 3903 praesertim
466 3837 550 3885 cum
577 3812 794 3886 diametrum
822 3810 1069 3908 paraboloidis
1092 3812 1215 3886 cubici
1239 3834 1283 3884 ne

243 3922 296 3995 sic
314 3923 462 4019 quidem
479 3925 665 3998 inventam
684 3949 762 3998 esse
780 3924 890 3998 dicat.
941 3923 1015 3997 Sed
1045 3926 1208 4020 aequatio
1224 3925 1283 3999 illu

244 4037 347 4131 cujus
370 4036 475 4109 radix
499 4049 553 4110 est
572 4064 605 4134 q,
626 4039 664 4133 (q
680 4048 803 4111 autem
829 4037 918 4134 quid
938 4038 985 4110 sit
1008 4038 1166 4132 nescio),
1184 4039 1283 4112 illum

243 4163 463 4234 vexaverat3
500 4151 627 4247 itaque
657 4151 766 4223 homo
794 4150 968 4223 vindictae
1002 4174 1132 4225 amans
1160 4150 1284 4226 ulcisci

241 4274 361 4358 parat.
404 4262 559 4363 Nempe,
578 4264 709 4358 inquit,
728 4263 895 4335 necanda
912 4262 1033 4335 adhue
1051 4273 1111 4337 eat
1127 4264 1283 4362 aequatio

242 4373 310 4448 illa
324 4401 402 4472 quae
418 4401 485 4448 uua
502 4376 649 4449 cecavit
666 4376 852 4465 hoctenem,
865 4385 905 4448 ut
922 4376 1071 4448 tandem
1085 4378 1181 4474 quid
1193 4376 1284 4452 certi

235 4490 393 4584 produt.
456 4489 756 4587 Assimulansque
786 4491 919 4563 Proteo
951 4491 1212 4585 aequationem,
1242 4514 1284 4565 ea

243 4603 433 4677 occasione
453 4628 552 4689 usus,
580 4628 706 4678 versus
733 4629 778 4679 ex
806 4603 961 4678 Homeri
993 4603 1168 4701 Odyssea
1188 4605 1285 4704 plua-
