2618 5092
210 652 286 720 428
354 667 408 720 nu
427 666 660 722 uniuersus
680 666 733 721 ns
750 664 1131 721 mmooruaurous

18 862 86 905 eu.
101 862 166 904 nv.
210 832 401 932 exprimit,
418 858 493 908 non
509 843 612 908 recte
629 844 754 907 autem
769 831 1000 909 arithmetici
1017 832 1154 907 dicunt
1168 856 1256 923 esse,

18 932 169 1039 ᾗ
211 970 355 1043 nempe,
367 947 596 1044 quatientem
613 944 804 1020 divisionis
818 946 969 1021 numeri
986 968 1058 1043 per
1069 968 1256 1021 numerum

18 1058 107 1105 Μ
210 1083 290 1133 esse
324 1062 507 1134 rationem
540 1060 658 1157 ipsam
691 1058 799 1133 divisi
832 1057 882 1132 sd
911 1058 1140 1134 divisorem:
1164 1058 1255 1135 unde

211 1173 327 1247 multa
343 1175 382 1246 in
398 1173 642 1271 geometriam
658 1172 888 1269 irrepserunt
906 1172 1084 1265 absurda,
1102 1186 1143 1249 et
1156 1172 1255 1273 plnrs

209 1284 328 1359 indies
339 1290 633 1383 consequentum
652 1309 812 1381 quorum
821 1310 936 1361 causa
947 1310 1088 1385 magna
1099 1298 1254 1385 exparte

209 1398 281 1471 init
306 1399 425 1472 Cluvii
451 1400 532 1473 haec
555 1398 757 1496 impropria
781 1398 934 1474 locutio.
987 1398 1123 1475 Qualis
1148 1400 1254 1475 etiam

209 1511 355 1584 videtur
383 1511 451 1585 tibi
478 1512 559 1585 haec
589 1512 708 1585 oratio
736 1510 777 1585 in
803 1512 1097 1586 mathematicis:
1121 1524 1253 1611 quanta

209 1623 262 1695 sit
278 1624 495 1723 magnitudo
511 1622 735 1698 antecedens
752 1622 809 1697 ad
828 1630 1142 1721 ωωοᾳυικίωβ
1188 1624 1253 1701 De-

209 1737 322 1811 bebat
355 1739 454 1812 enim
487 1739 623 1827 dicere,
651 1746 794 1837 quanto
823 1748 881 1812 est
908 1738 1134 1837 magnitudo
1158 1748 1253 1814 ante-

210 1850 342 1923 cedens
364 1859 405 1923 ut
421 1860 642 1949 comparata
659 1874 741 1924 eum
765 1860 1022 1947 consequente,
1039 1851 1102 1926 vel
1123 1860 1252 1949 quanta

208 1971 267 2034 est
289 1963 388 2036 ratio
411 1963 684 2063 magnitudinis
710 1961 966 2037 antecedentis
991 1962 1049 2037 ad
1072 1964 1250 2063 magnit*

210 2075 332 2149 dinem
348 2086 634 2174 consequentem.
675 2076 761 2151 Scio
774 2075 944 2149 Clavium
960 2074 1103 2172 liuguae
1120 2076 1251 2151 Indue

210 2189 496 2264 scientissimum
511 2189 649 2262 fuisse:
675 2188 742 2262 sed
757 2186 845 2261 huic
870 2187 970 2261 illins
1000 2190 1197 2265 sententie
1211 2188 1250 2262 de

211 2303 477 2399 compositione
495 2303 680 2376 rationum
706 2301 856 2375 inimica
873 2314 956 2375 erat
971 2301 1135 2378 elocutio
1151 2302 1249 2376 clara

627 2811 730 2885 CAP.
758 2811 841 2883 XV.

397 2986 528 3038 ETIAM
550 2987 602 3037 DE
622 2985 848 3038 RATIONUM
869 2982 1076 3037 cuneum.

211 3104 396 3179 Cunvrus
416 3127 460 3176 ex
478 3103 548 3175 hac
566 3101 783 3174 definitione
801 3100 933 3196 quinta
955 3100 1142 3174 Elementi
1166 3098 1250 3172 serti

209 3231 311 3290 recte
328 3217 452 3303 infert,
471 3215 620 3312 quadiu
638 3210 959 3312 magnitudinibus
984 3213 1251 3311 quibuscunque

210 3330 343 3403 ordine
353 3330 507 3428 positis,
519 3328 720 3427 proportio
737 3326 880 3426 prima
897 3326 954 3398 ad
971 3326 1141 3399 ultimum
1163 3327 1251 3399 dice·

210 3454 272 3518 tur
289 3443 455 3541 componi
477 3469 525 3515 ex
544 3441 796 3540 proportione
817 3438 952 3537 prima
975 3440 1032 3512 ad
1048 3440 1251 3525 secundum,

209 3567 247 3630 et
265 3556 435 3630 sectanda:
452 3556 505 3629 ad
520 3555 680 3643 tertiam,
698 3563 736 3625 et
755 3553 880 3625 tertia
905 3551 961 3624 ad
982 3563 1169 3648 quartum,
1191 3562 1251 3624 etc.

205 3670 328 3764 Cujus
361 3671 473 3742 etiam
507 3667 840 3741 demonstrationes
882 3664 1025 3760 atiquot
1059 3667 1182 3740 adfert
1213 3687 1253 3736 es

209 3784 371 3872 Theone‚
393 3783 601 3871 Vitellione,
629 3779 784 3855 Eutooio
814 3790 852 3852 et
878 3778 1106 3874 Apollonio:
1136 3782 1191 3854 its
1217 3789 1253 3851 ut

209 3897 311 3970 nullo
334 3897 445 3971 modo
463 3921 486 3969 a
503 3896 630 3970 Cluvio
647 3895 775 3990 negari
792 3892 921 3989 possit,
941 3893 1007 3988 qui
1024 3917 1110 3966 ean·

212 4012 296 4085 dem
314 4012 353 4084 iu
371 4009 534 4084 numeris
551 4033 619 4105 pro
638 4008 851 4081 definitione
868 4003 917 4077 ud
930 4004 1048 4079 Elem.
1060 4007 1113 4079 vii
1148 4020 1165 4053 Α
1177 4017 1195 4051 ¹¹
1215 4018 1230 4051 ⁰

211 4126 346 4222 posuit.
413 4125 543 4220 Itaque
577 4123 616 4194 in
650 4121 769 4194 tribus
798 4119 904 4192 lineis
930 4117 976 4206 Α,
1005 4118 1050 4207 Β,
1080 4119 1112 4191 C

210 4240 339 4312 ordina
366 4237 553 4334 expositis,
583 4236 678 4309 ratio
704 4232 851 4306 Aadc
874 4231 1114 4327 componitur

211 4376 256 4424 ex
280 4352 484 4425 rationibus
509 4350 544 4422 A
564 4349 612 4421 ad
630 4349 661 4421 B
680 4360 718 4420 et
733 4347 763 4419 B
780 4344 829 4419 ad
847 4344 898 4416 C:
924 4357 964 4419 et
981 4366 1113 4418 rursus

210 4465 304 4539 ratio
323 4466 353 4539 C
370 4466 465 4539 adA
483 4463 719 4559 componitur
736 4484 782 4534 ex
800 4459 943 4533 ratione
961 4458 993 4532 C
1010 4458 1061 4532 ad
1080 4459 1113 4533 B

211 4591 249 4652 et
267 4580 409 4653 ratione
429 4579 458 4651 B
476 4576 523 4651 ad
543 4577 587 4649 A.
668 4606 673 4625 ··
