2618 5092
420 634 764 695 ononurnunnn„
1034 621 1107 686 449

108 799 256 876 Coroll.
274 800 313 874 ii.
354 798 493 875 Juncta
505 801 566 875 As
585 815 734 875 secante
753 799 817 874 CI)
835 801 872 874 in
892 800 933 886 L,
952 799 1023 873 erit
1041 800 1107 873 DL
1152 828 1220 868 our.

56 915 209 1012 aequalis
229 914 502 989 semidiametro
520 915 659 1003 circuli,
678 917 782 1012 cujus
799 913 987 1011 perimetri
1000 937 1105 1008 quar·
1120 898 1236 997 slafe„

57 1039 105 1102 ta
121 1028 224 1124 parti
251 1027 401 1125 aequalis
424 1039 481 1100 est
509 1027 634 1100 radius
652 1027 730 1101 ΑΒ.
784 1027 879 1100 Sunt
906 1025 1004 1099 enim
1034 1025 1105 1113 sss,
1119 1018 1203 1063 ΜΗ·

58 1141 136 1229 ΑΒ,
151 1141 232 1230 DL,
250 1154 403 1237 propter
420 1140 698 1214 similitudinem
716 1140 984 1237 triangulorum
999 1138 1106 1226 SBA‚

59 1254 170 1343 ADL,
189 1255 366 1328 continue
383 1253 690 1350 proportionales.
742 1254 810 1326 Est
837 1265 963 1326 autem
983 1253 1042 1326 SB
1060 1253 1109 1326 ad

60 1367 137 1452 ΑΒ,
156 1380 199 1441 ut
216 1367 401 1464 quadrans
424 1366 615 1463 perimetri
641 1366 688 1439 ad
716 1365 872 1440 radium.
926 1367 1050 1441 Quare
1070 1378 1108 1439 et

59 1479 124 1552 ΑΒ
148 1479 199 1552 ad
223 1479 289 1552 DL
315 1493 370 1554 est
392 1492 435 1552 ut
457 1477 641 1575 quadrans
665 1480 857 1576 perimetri
880 1478 929 1553 ad
950 1480 1109 1569 rudium,

59 1616 193 1689 nempe
211 1591 289 1666 DL.
977 1650 981 1660 .

111 1705 256 1779 Coroll.
286 1706 338 1778 iii.
382 1705 539 1802 Sumpta
569 1706 607 1778 iu
638 1705 707 1779 ΑΙ)
737 1718 844 1802 parte
868 1706 945 1779 AM
975 1706 1109 1803 aequali

57 1830 170 1893 rectae
187 1819 267 1909 DL,
286 1818 471 1915 ductaque
488 1819 578 1908 RM,
596 1830 634 1891 et
651 1817 835 1915 producta
852 1817 901 1892 ad
929 1819 988 1892 BS
1016 1820 1109 1892 inci-

59 1931 122 2007 det
139 1932 179 2005 in
197 1932 240 2006 C.
302 1932 396 2005 Cum
422 1933 520 2005 enim
538 1933 606 2005 ΑΙ)
624 1933 673 2005 sit
701 1931 826 2005 radius
850 1930 979 2005 circuli
1004 1932 1109 2027 cujus

57 2045 250 2144 perimetri
264 2069 349 2142 pars
363 2056 496 2142 quarta
509 2058 567 2118 est
584 2045 734 2141 aequalis
753 2045 824 2132 BS,
838 2056 876 2117 et
893 2045 970 2119 AM
983 2045 1109 2118 radius

58 2158 187 2232 circuli
207 2161 312 2254 cujus
329 2157 520 2255 perimetri
536 2182 622 2254 pars
640 2170 774 2254 quarta
788 2170 845 2231 est
862 2158 1012 2253 aequalis
1029 2158 1108 2246 AB,

57 2285 97 2345 et
124 2283 239 2346 rectoe
256 2295 383 2345 omnes
407 2271 531 2344 ductae
554 2296 577 2344 a
599 2282 740 2369 puncto
759 2272 794 2344 R
809 2282 936 2345 secant
955 2271 1025 2358 BS,
1040 2272 1109 2344 AD

57 2384 97 2457 in
115 2384 259 2457 ratione
277 2395 420 2480 quartae
436 2383 552 2479 partis
568 2383 760 2478 perimetri
777 2382 826 2458 ad
840 2382 997 2473 radium,
1009 2394 1113 2456 recta

59 2497 136 2571 ΒΜ
152 2497 336 2596 producta
351 2495 492 2570 incidet
509 2497 549 2569 in
566 2495 609 2571 Ο.

459 2994 567 3070 CAP.
592 2996 699 3070 XXI.

153 3178 209 3231 DE
228 3176 537 3231 MAGNITUDINE
557 3178 729 3233 cIRcULI
750 3181 1017 3233 HUGRNIANA.

59 3295 488 3368 Durunnrnnrronnn
514 3295 612 3369 hanc
634 3296 900 3392 magnitudinis
916 3321 1023 3372 arcus
1042 3299 1108 3371 BD

59 3418 166 3481 tanta
197 3406 392 3503 diligentia
421 3431 444 3480 a
472 3408 673 3505 geometris
702 3410 823 3483 omnis
856 3411 925 3484 aevi
957 3413 1108 3485 summis

59 3520 266 3618 quaesitam‚
301 3543 486 3616 quamque
519 3545 644 3594 veram
680 3545 759 3596 esse
799 3535 876 3597 tam
914 3525 1108 3599 manifeste

58 3633 171 3708 modo
189 3632 452 3722 demonstravi,
471 3657 581 3729 quam
598 3634 792 3709 manifeste
809 3637 885 3710 ulla
907 3637 1007 3733 apud
1034 3639 1108 3710 Eu-

58 3747 195 3821 clidem
211 3746 415 3843 propositio
433 3746 687 3820 demonstrata
704 3763 772 3837 est,
790 3750 1015 3846 professores
1034 3775 1108 3824 ma-

59 3857 265 3944 thematici,
292 3859 412 3955 primo
438 3872 623 3934 nostrates
649 3862 757 3935 simul
785 3875 897 3960 atque
925 3867 1108 3962 apparuit,

58 3996 196 4069 magno
211 3984 350 4045 conatu
366 3973 451 4046 irati
464 3985 782 4070 oppugnaverunt,
794 3977 1108 4049 consentientibus

59 4086 173 4160 etiam
196 4096 235 4158 et
260 4083 495 4159 laudantibus
523 4087 678 4160 caeteris.
731 4086 805 4160 Sed
830 4089 962 4184 quibus
985 4090 1108 4177 armis

59 4199 196 4296 quibus
223 4197 336 4271 innisi
361 4199 580 4296 principiis?
643 4200 720 4274 Illis
736 4225 819 4296 quae
837 4226 947 4299 supra
964 4202 1110 4275 ostendi

59 4335 139 4386 esse
156 4309 350 4384 absurda:
375 4335 521 4409 nempe,
548 4311 592 4386 Si
616 4311 719 4387 lineo
747 4314 1012 4412 multiplicetur
1032 4340 1110 4412 per

59 4448 259 4514 mmmm,
271 4422 429 4520 factum
450 4449 533 4497 esse
553 4449 740 4499 numerum
757 4428 1030 4522 quadratorum
1046 4458 1108 4500 :-

61 4537 106 4612 sa·
122 4562 149 4612 a
172 4560 322 4610 nantem
340 4539 606 4636 quadratorum
633 4539 861 4614 extrahatur
887 4542 1004 4616 radio
1022 4568 1112 4640 qna-

162 4670 260 4725 vor..
279 4670 336 4724 rv.
938 4676 1009 4729 oo
